2956 4988
309 478 423 525 sssran
445 477 545 540 nonu,
567 477 904 540 nonsummum,
929 456 948 524 7
971 479 1058 527 unu.
1082 479 1107 526 1.
1222 456 1287 524 345

204 631 377 699 lohannes
393 634 473 700 Soot
495 632 664 700 subtraxit
686 653 722 699 se
746 635 781 701 et
807 633 1046 700 malcoreditur
1071 634 1113 700 16
1134 633 1287 719 pluribus
1338 616 1389 686 s

138 716 339 800 latrociniis,
355 721 431 786 ideo
455 722 611 807 exigatur
638 723 674 786 et
698 721 884 806 utlagetur.
930 721 1063 786 Catella
1083 721 1158 806 ejus
1174 721 1250 806 xxiij
1261 721 1287 785 ε’

139 804 190 892 iiij
202 807 248 884 d',
276 807 365 873 unde
390 809 479 874 idem
509 809 693 875 vicecomes
719 808 931 892 respondeat.
976 810 1022 873 Et
1047 811 1213 873 testatum
1236 811 1288 874 est

139 894 228 976 quod
244 901 397 980 receptus
420 895 457 960 in
481 896 674 961 Estlesham
698 895 736 959 in
756 895 915 962 libertate
929 895 1196 982 Archiepiscopi,
1212 896 1288 962 ideo

139 981 183 1044 ad
193 981 361 1065 judicium
376 983 418 1050 de
434 983 552 1052 eadem
567 983 737 1049 libertate.

204 1136 356 1219 Rogerns
375 1136 482 1202 ·filius
519 1136 697 1202 Amabiliae
726 1156 904 1223 oppressus
933 1136 1004 1201 fuit
1038 1136 1183 1222 quadam
1212 1138 1289 1202 rota

139 1221 325 1288 molendini
352 1223 511 1309 aquatici.
556 1224 681 1289 Nullus
705 1224 785 1289 inde
808 1223 1057 1289 rnalecreditur.
1102 1223 1287 1303 ecdicium,
1408 1304 1411 1311 Ι

137 1308 376 1481 ἐπέξῖινὲθῗὲιιω.
422 1311 578 1379 Precium
608 1314 690 1377 rotae
720 1310 800 1398 xviij
814 1312 859 1392 d',
888 1311 980 1377 unde
1017 1311 1200 1379 vicecomes
1235 1331 1288 1376 re·

203 1560 403 1626 Edmundus
418 1561 504 1627 Tiok
528 1565 564 1627 et
590 1562 761 1628 Martinus
776 1561 907 1627 Tinoclr
932 1562 1172 1629 subtraxerunt
1192 1583 1228 1627 se
1254 1566 1289 1629 et
1342 1514 1383 1580 ‘s

139 1647 413 1713 malecreduntur
427 1650 468 1714 16
478 1649 630 1734 pluribus
646 1649 845 1729 latrociniis,
862 1649 940 1714 ideo
955 1649 1137 1734 exigantur
1151 1652 1185 1716 et
1201 1649 1290 1714 utla-

140 1739 273 1820 gcntur.
321 1736 453 1801 Catella
468 1739 617 1822 ejusdem
633 1737 805 1801 Edmundi
818 1758 859 1801 xv
869 1736 896 1799 ε’
912 1737 958 1823 vij
971 1737 1014 1802 d’.
1060 1736 1193 1801 Catella
1204 1758 1288 1821 prae·

140 1821 223 1887 dicti
238 1823 381 1888 Martini
396 1825 426 1909 xj
436 1825 462 1888 s'
478 1824 535 1909 viij
549 1825 594 1905 d',
611 1825 700 1890 unde
715 1825 897 1891 vicecomes
913 1824 1126 1909 respondeat.

204 2002 380 2068 Johannes
396 2003 437 2069 16
452 2002 610 2068 Neuham
626 2002 752 2068 occidit
774 2001 992 2088 Radulphum
1015 2003 1057 2069 de
1081 2004 1289 2069 Nortvvides·
1328 2010 1365 2055 V

142 2087 221 2154 lad'.
267 2090 313 2154 Et
328 2091 447 2155 statim
461 2089 555 2177 fugit
570 2094 606 2154 et
621 2090 870 2170 malcoreditur‚
886 2089 962 2156 ideo
977 2089 1135 2176 exigatur
1150 2096 1185 2156 et
1199 2091 1288 2156 utla-

143 2178 254 2261 getur.
300 2177 434 2242 Catalla
447 2177 523 2262 ejus
538 2176 595 2264 xlij
606 2178 632 2241 s’
648 2179 678 2263 vj
691 2178 735 2258 d',
752 2177 842 2242 unde
857 2176 1040 2243 vicecomes
1056 2179 1267 2264 respondeat.

205 2347 407 2433 Ranulphus
433 2348 531 2434 Mays
558 2346 679 2414 cecidit
704 2348 745 2413 de
771 2347 915 2432 quodam
931 2368 1017 2432 equo
1042 2348 1077 2412 in
1106 2349 1233 2435 Campo
1249 2349 1291 2417 de

142 2436 289 2516 Denton,
316 2435 368 2501 ita
392 2435 483 2521 quod
507 2434 602 2501 obiit.
647 2435 771 2500 Nullus
798 2435 877 2500 inde
901 2436 1148 2502 malecreditur.
1193 2437 1292 2502 Judi-

142 2524 241 2604 cium,
279 2523 518 2588 infortunium.
579 2522 735 2590 Precium
771 2522 850 2607 equi
879 2522 948 2604 η’,
978 2523 1070 2588 6616
1108 2525 1290 2590 vicecomes

141 2611 352 2696 respondeat.
1305 2682 1371 2783 &s

178 2782 375 2885 ‘Robertus
398 2780 430 2846 16
454 2781 601 2882 Braccur
623 2780 732 2882 gratis
758 2780 936 2882 suspendit
954 2780 1111 2865 seipsum.
1167 2782 1292 2886 Nullus
1315 2870 1320 2882 .
1366 2759 1435 2885 ‘Ji'

141 2867 1292 3056 6661,666661616616666066166,
1301 2902 1350 3009 v·

140 3042 571 3211 ἒῖῗὲῖὲξῃξῗὲξὲξῗὶῃ
572 3041 768 3194 pp‚·K1nton
791 3042 881 3107 falso
907 3043 1187 3128 appreciaverunt
1210 3067 1292 3130 prae·

207 3302 407 3386 Radulphus
432 3301 590 3386 Codenay
605 3299 774 3365 subtraxit
800 3321 835 3365 se
858 3304 893 3364 et
913 3299 1028 3385 posuit
1044 3322 1079 3366 se
1102 3300 1138 3364 in
1154 3300 1293 3369 liberta-
1326 3250 1366 3326 Vl

145 3395 215 3456 tem
240 3392 281 3457 16
307 3389 501 3454 Estlesham
527 3399 560 3453 et
586 3386 824 3453 malcoreditur
848 3387 889 3452 de
916 3387 1067 3471 pluribus
1094 3388 1293 3471 latrociniis,

143 3478 390 3651 idppoepffiur
401 3479 437 3541 et
448 3476 632 3561 utlagatur.
670 3473 803 3539 Catalla
817 3475 892 3560 ejus
907 3474 991 3561 vjs',
1006 3475 1096 3541 6616
1111 3476 1294 3543 vicecomes

208 3733 408 3819 Radulphus
424 3731 513 3797 lilius
528 3731 688 3818 Hugonis
704 3731 873 3797 subtraxit
896 3753 932 3798 se
950 3738 985 3798 et
999 3732 1238 3800 malecrcditur
1252 3735 1294 3803 de
1303 3700 1346 3764 *s

143 3821 295 3907 pluribus
310 3818 510 3900 latrociniis,
525 3819 603 3885 ideo
618 3818 777 3904 exigatur
791 3823 827 3884 et
845 3820 1023 3906 utlagatus
1077 3820 1211 3888 Oatalla
1219 3822 1295 3909 ejus

142 3909 186 3995 vij
197 3909 235 3988 ε’,
250 3909 341 3974 unde
356 3909 539 3974 vicecomes
554 3906 766 3992 respondeat.

208 4087 399 4152 Alexander
421 4086 463 4152 de
498 4083 719 4170 Oheppewell’
750 4083 873 4150 cecidit
907 4085 948 4149 de
978 4085 1123 4169 quodam
1150 4108 1236 4172 equo
1257 4089 1295 4153 in

97 4168 105 4183 ’
144 4197 265 4260 aquam
282 4176 323 4239 de
338 4175 433 4239 Tine.
479 4172 602 4237 Nullus
618 4172 698 4236 inde
713 4171 960 4237 malcoreditur.
991 4172 1294 4254 ludicium,infor·

144 4264 290 4327 tunium.
336 4261 493 4327 Precium
519 4259 597 4345 equi
623 4259 693 4344 xiiij
707 4259 751 4338 d',
773 4259 863 4323 6616
882 4258 1066 4326 vicecomes
1081 4263 1295 4345 respondeat.

143 4352 190 4414 Et
214 4349 340 4413 villata
363 4349 404 4415 de
428 4347 603 4426 Neuburn,
628 4345 833 4427 Trokelavve,
856 4346 1005 4427 Denton,
1024 4351 1059 4414 et
1089 4348 1293 4417 Kalverston

143 4437 233 4503 falso
248 4437 526 4522 appreciaverunt
540 4433 739 4520 praedictum
753 4433 977 4515 deodandum,
992 4433 1069 4500 ideo
1083 4433 1120 4499 in
1136 4435 1221 4504 mis'.
