2956 4988
307 417 1161 496 mmmnurommmxnfflmffl.
1249 419 1315 482 189

164 593 393 656 tenementum
418 613 536 657 versus
561 612 637 655 enm
662 591 821 676 petitum,
844 591 931 657 <licit
955 593 1048 658 eninr
1070 594 1162 678 quod
1176 592 1317 678 quidum

161 678 332 745 Gilbertns
346 678 390 744 (le
405 678 508 763 Beye,
522 679 685 756 medicus,
699 684 796 743 tenet
822 680 903 743 inde
924 680 1011 744 dnus
1033 702 1130 746 ucrus
1152 686 1264 760 terrae,
1279 685 1317 746 et

160 765 359 852 Radulphus
367 766 503 832 Uthern
511 766 697 830 tenetinde
705 774 957 850 quatuoracres
967 772 1076 846 teme,
1085 774 1121 831 et
1130 772 1317 832 tenuerunt

160 853 213 918 die
227 874 296 938 quo
310 853 410 918 breve
424 875 524 917 sunm
539 854 738 938 impetrarit
752 874 869 918 versus
890 876 977 918 enm.
1024 856 1069 918 Et
1089 856 1170 939 quin
1186 859 1317 941 Agnes,

159 940 230 1005 filiu
253 941 348 1018 Adae,
373 962 443 1004 non
470 946 584 1026 potest
610 941 673 1004 hoc
700 941 864 1020 dedicere,
892 943 1143 1007 consideratum
1158 952 1211 1007 est
1225 943 1317 1028 quod

159 1028 322 1113 praedieta
335 1028 452 1113 Agnes
466 1028 658 1092 Condesine
672 1028 753 1091 inde
767 1029 841 1093 sine
857 1030 923 1106 die,
939 1036 974 1092 et
990 1031 1119 1114 AgneS,
1135 1030 1205 1094 filiu
1222 1031 1315 1110 Adeo,

159 1115 265 1181 nichil
281 1116 396 1200 cupiat
409 1136 472 1200 per
485 1117 584 1181 breve
598 1116 703 1194 istud,
718 1126 772 1180 sct-
786 1117 832 1180 sit
844 1117 880 1179 in
893 1118 970 1180 nris*
981 1139 1044 1202 pro
1055 1117 1144 1182 falso
1156 1117 1315 1182 clamore.

159 1204 205 1268 111
219 1203 397 1289 perquirat
411 1203 478 1266 sibi
493 1225 554 1287 per
568 1203 662 1266 aliud
677 1202 789 1282 breve,
805 1204 835 1267 si
856 1203 1012 1269 voluerit.

223 1357 416 1423 willelmus
442 1358 533 1422 tilius
555 1359 693 1423 Thomae
718 1359 761 1422 (16.
788 1359 999 1444 Brumpton’,
1026 1359 1085 1443 qui
1108 1359 1194 1423 tulit
1217 1359 1318 1428 breve

159 1447 200 1510 (16
223 1446 384 1530 ingressu
407 1466 524 1509 versus
550 1446 720 1511 Abbutenr
746 1446 788 1512 (16
815 1447 912 1510 Novo
940 1447 1150 1511 Monnsterio
1177 1448 1220 1511 de
1248 1469 1317 1512 nno
1388 1453 1396 1464 '

160 1533 334 1617 mesuagio
369 1537 406 1596 et
438 1533 618 1618 sexaginte
655 1533 743 1596 acris
780 1539 879 1598 tertre
916 1555 993 1597 cum
1030 1534 1249 1618 pertinentiis
1277 1535 1313 1598 in

161 1620 340 1698 Kesterne,
355 1619 451 1684 venit
470 1625 505 1683 et
532 1621 622 1705 petit
644 1619 818 1684 licentiam
844 1621 1023 1687 recedendi
1038 1643 1060 1685 u
1073 1620 1168 1687 brevi
1191 1643 1264 1701 suo,
1280 1627 1317 1687 ct

226 1865 344 1929 Assise
358 1864 451 1928 venit
467 1865 684 1948 recognitum
700 1864 729 1928 si
745 1863 921 1930 Gilbertus
936 1865 979 1930 (16
993 1865 1316 1950 Bu,puterltica1di

162 1952 223 2016 filii
239 1951 384 2015 Gilberti
400 1952 442 2016 de
459 1951 600 2029 Bufuit
615 1951 752 2016 scisitus
779 1953 814 2015 in
839 1952 1009 2016 dominico
1025 1975 1086 2017 suo
1101 1957 1142 2016 ut
1156 1954 1199 2017 (16
1214 1953 1315 2019 feodo

164 2041 203 2105 de
218 2038 361 2102 dimidiu
376 2045 535 2103 carucata
550 2046 649 2105 terrae
664 2060 740 2102 cnm
756 2039 975 2123 pertinentiis
992 2041 1026 2102 in
1044 2040 1246 2125 Wywyrt-ff,
1262 2041 1317 2105 die

184 2148 240 2205 uo,
265 2131 329 2190 eto.
374 2127 420 2190 111
442 2126 483 2203 si,
506 2130 571 2190 etc.
616 2126 725 2206 Quam
748 2127 923 2191 lohannes
938 2127 980 2190 de
996 2126 1257 2212 Woderington’
1279 2133 1316 2194 et

163 2149 359 2292 tustaneia,
370 2233 456 2277 uxor
464 2213 550 2296 ejus,
560 2217 691 2292 tenent,
703 2214 762 2297 qui
771 2213 914 2277 veniunt
925 2218 960 2278 ct
972 2213 1057 2278 bene
1069 2220 1316 2299 recognoscunt

164 2302 251 2386 quod
267 2300 447 2384 prredictus
463 2298 648 2378 Gilbcrtus,
664 2301 706 2365 de
721 2303 817 2385 cujus
840 2307 960 2378 morte,
983 2305 1061 2380 ete,
1077 2303 1163 2367 obiit
1178 2303 1316 2368 scisitus

164 2389 204 2452 de
220 2387 382 2472 praediote
397 2394 499 2465 terra,
516 2392 552 2451 et
567 2389 655 2470 quod
671 2388 757 2452 obiit
771 2393 848 2472 post
864 2389 1045 2454 terminum
1063 2390 1099 2452 in
1121 2389 1215 2453 brevi
1237 2409 1317 2454 oon-

163 2481 308 2554 tentum,
335 2479 369 2540 et
394 2475 483 2558 quod
508 2475 688 2558 praedictus
711 2475 876 2539 Ricardus
892 2477 1111 2560 propinquior
1126 2477 1223 2541 heres
1239 2477 1315 2560 ejus

163 2569 224 2640 est,
241 2568 294 2625 set
309 2562 428 2626 dieunt
443 2563 532 2644 qnod
556 2562 737 2646 praedictus
767 2563 934 2627 Ricardus
965 2584 1033 2626 non
1062 2564 1163 2629 debet
1192 2564 1316 2629 habere

163 2650 322 2714 seisinam
349 2649 390 2713 (16
416 2649 577 2732 praedicta
599 2654 691 2712 terre
722 2670 893 2733 quousque
922 2650 1030 2735 plenae
1059 2651 1170 2714 aetutis
1198 2650 1314 2728 fuerit,

163 2737 282 2800 dieunt
293 2736 383 2800 enim
399 2737 488 2819 quod
499 2736 680 2820 praedictus
690 2737 864 2802 Gilbertus
877 2738 990 2801 tenuit
1002 2738 1103 2803 decis
1118 2736 1314 2821 praediotsm

163 2828 287 2887 terrum
304 2844 364 2907 per
378 2823 584 2886 forinsecum
597 2825 782 2903 servitium,
799 2830 834 2887 et
850 2825 938 2907 quod
953 2825 1133 2908 praediotus
1146 2824 1312 2889 Ricardus

164 2910 253 2974 filius
270 2909 414 2975 Gilberti
430 2914 483 2973 est
498 2910 589 2974 infru
604 2916 751 2989 aetatem,
768 2918 802 2974 et
817 2932 991 2975 remanere
1002 2911 1103 2976 debet
1114 2911 1147 2973 in
1160 2911 1316 2976 custodia

163 3019 224 3061 sua
240 3017 411 3080 quousque
426 2997 470 3060 ed
484 2996 672 3080 legitimam
688 3002 822 3062 aetntem
841 2998 1042 3081 pervenerit.

229 3085 274 3148 Et
300 3084 464 3147 Ricardus
490 3084 575 3147 dicit
598 3086 688 3168 quod
715 3085 868 3169 prredicti
890 3085 1064 3149 lohannes
1080 3089 1115 3148 et
1131 3083 1314 3149 Oustuneiu

164 3171 289 3234 nullam
317 3172 504 3235 custodiam
530 3173 663 3254 exigere
687 3176 831 3255 possunt
856 3172 898 3236 de
924 3172 1086 3256 praediotu
1109 3175 1211 3250 terra,
1235 3173 1315 3254 quin

164 3259 351 3342 dicitquod
368 3259 548 3342 praediotus
574 3258 748 3324 Gilbertus
764 3280 832 3322 non
849 3261 963 3323 tenuit
978 3259 1172 3342 predictam
1189 3264 1315 3322 terrum

164 3347 205 3410 de
221 3346 390 3429 praediotis
405 3347 426 3408 J
429 3346 562 3409 ohanne
577 3351 612 3411 et
628 3345 814 3410 Gustnnoia
830 3365 888 3428 per
903 3344 1108 3409 forinsecum
1126 3344 1312 3425 servitium,

165 3454 227 3497 nec
257 3453 317 3516 per
347 3432 505 3510 militare,
531 3433 616 3496 dicit
646 3432 735 3494 enim
766 3432 854 3516 quod
887 3433 1024 3515 quidam
1054 3432 1248 3496 Willelmus
1271 3432 1313 3497 ‹le

167 3521 291 3583 Sancto
317 3519 428 3595 Petro,
459 3525 652 3582 antecessor
681 3520 849 3603 praediotae
872 3518 1074 3599 Onstanciae‚
1106 3520 1200 3584 dedit
1230 3541 1314 3604 prro-

165 3607 290 3670 dietem
306 3610 432 3669 terram
449 3605 582 3668 cuidam
599 3606 771 3670 Willelmo
782 3606 929 3669 Frebern
956 3607 992 3668 in
1019 3606 1163 3669 liberum
1175 3606 1314 3671 marite-

165 3694 257 3776 gium
275 3715 350 3757 oum
366 3693 511 3775 quadarn
528 3693 663 3774 Ceeilia,
681 3693 751 3756 filie
772 3715 844 3769 sua,
868 3693 1054 3756 tenendum
1070 3693 1185 3771 libere,
1201 3693 1314 3776 quiete

165 3782 208 3844 ab
229 3780 351 3863 [omni]
373 3780 521 3857 servitio,
538 3781 793 3858 consuetudine,
810 3785 844 3843 et
860 3781 1046 3844 exactione.
1093 3779 1188 3844 Dicit
1210 3779 1314 3845 etiam

166 3869 254 3950 quod
284 3867 421 3950 quidam
453 3867 618 3929 Ricardus
650 3867 808 3945 Frebern,
835 3867 925 3930 filius
955 3867 1107 3951 predicti
1139 3866 1313 3946 Willelmi,

166 3954 310 4018 feofavit
336 3953 531 4035 praedictum
556 3952 747 4017 Gilbertum
770 3953 811 4018 (16
833 3954 996 4037 praedicta
1009 3959 1112 4032 terre,
1128 3955 1314 4019 tenendum

167 4040 269 4105 libere
285 4043 320 4106 et
334 4040 448 4122 quiete
471 4039 514 4102 ab
534 4039 626 4102 omni
643 4040 791 4118 servitio,
804 4041 1059 4121 consuetudine,
1075 4040 1262 4118 exactione,
1280 4057 1315 4106 et

166 4127 333 4191 demanda
348 4126 389 4190 de
406 4125 607 4209 capitalibus
623 4126 769 4190 dominis
785 4126 878 4191 feodi
903 4127 1005 4206 illius,
1027 4131 1062 4192 61
1088 4128 1219 4211 profert
1242 4148 1314 4192 eur-

165 4219 235 4277 tum
247 4213 398 4298 praedicti
411 4212 573 4278 Willelmi
588 4213 629 4278 de
646 4213 772 4278 Sancto
789 4214 902 4290 Petr0,
918 4215 982 4300 [et]
998 4215 1153 4279 similiter
1162 4215 1315 4299 praedioti

165 4301 303 4366 Ricardi
315 4301 471 4377 Frebern,
489 4320 561 4381 quae
576 4299 647 4363 haee
663 4299 750 4362 idern
768 4303 948 4366 testentur.
988 4302 1110 4367 Postea
1120 4302 1314 4367 concordati

166 4393 257 4453 sunt.
303 4387 348 4451 llt
362 4388 384 4449 J
386 4387 536 4451 ohannes
553 4389 588 4449 et
603 4385 787 4452 Oustenein
798 4389 883 4454 dunt
899 4388 1074 4454 dimidiam
1090 4408 1237 4453 meroem
1253 4411 1314 4476 pro
