2956 4988
307 488 421 533 rssrzn
444 489 542 549 aona,
565 488 901 551 roarnmnnnsrn,
926 475 946 536 7
967 490 1056 547 now.
1080 490 1104 535 1.
1216 466 1279 533 283

122 664 261 708 monam
286 645 434 728 pastura
457 643 494 707 in
517 641 687 728 praedictis
710 642 835 729 viginti
856 643 944 709 acris
964 643 1061 709 bosci
1081 665 1157 710 cum
1172 641 1278 729 perti-

123 731 262 795 nentiis.
322 731 368 794 Et
398 731 427 795 si
453 730 565 797 averia
591 729 718 796 Prioris
744 730 797 797 vel
823 751 1051 797 successorum
1078 752 1216 796 suorum
1239 730 1277 794 in

122 817 293 902 praedictis
308 816 433 902 viginti
447 818 533 882 acris
548 817 641 882 bosci
656 838 718 902 pro
733 817 870 885 defectu
886 818 1048 883 clausurae
1063 816 1281 896 intraverint,

122 905 214 970 idem
229 904 376 969 Thomas
398 909 434 969 et
456 905 595 969 heredes
618 905 672 968 sui
694 904 807 969 averia
821 904 881 970 illa
896 906 970 970 sine
985 905 1133 990 dampno
1149 905 1280 972 facient

123 991 293 1077 refugare,
310 996 375 1056 etc.

129 1193 137 1214 ⁶
189 1190 336 1254 Thomas
359 1191 400 1255 de
423 1190 519 1255 Karl’
550 1189 776 1255 summonitus
813 1190 884 1254 fuit
913 1189 956 1253 ad
989 1191 1279 1276 resspondendum

123 1277 309 1354 Willelmo,
335 1277 445 1342 Priori
468 1278 508 1344 de
531 1277 757 1357 B1inlreburn‚
782 1277 824 1342 de
845 1275 971 1363 placito
995 1278 1084 1361 quod
1099 1278 1278 1363 permittat

124 1363 236 1449 ipsum
251 1365 376 1429 habere
389 1385 601 1429 communem
613 1367 760 1450 pastura
771 1364 808 1428 in
825 1363 1033 1443 Swa'rlaund‚
1046 1386 1120 1448 quae
1129 1365 1280 1450 pertinet

124 1452 168 1515 ad
195 1450 338 1516 liberum
361 1454 594 1517 tenementum
621 1472 720 1516 suum
743 1452 780 1515 in
807 1451 939 1530 Pelton,
967 1456 1003 1515 et
1029 1452 1071 1516 de
1096 1474 1165 1536 qua
1188 1453 1277 1518 idem

125 1538 272 1602 Thomas
284 1538 411 1622 injuste
421 1543 457 1604 et
469 1539 542 1603 sine
552 1537 682 1623 judicio
695 1538 879 1603 disseisivit
895 1537 1110 1619 Nicholaum,
1128 1540 1279 1607 Priorem

66 1629 77 1648 ’
125 1626 166 1690 de
181 1625 429 1706 Brinkeburne‚
444 1626 723 1711 predecessorem
746 1625 896 1710 praedicti
918 1623 1095 1705 Willelmi,
1118 1631 1197 1711 post
1211 1627 1279 1712 pri-

125 1735 226 1792 mam,
243 1717 307 1777 eto.
353 1713 400 1776 Et
416 1713 505 1776 unde
521 1711 605 1777 dicit
628 1713 718 1796 quod
734 1735 809 1776 cum
825 1713 897 1796 ipse
913 1712 1036 1776 habere
1053 1714 1174 1779 debeat
1190 1736 1278 1778 eom-

125 1821 264 1863 munam
287 1800 323 1863 in
346 1820 414 1863 uno
436 1799 511 1865 loco
534 1799 570 1863 in
591 1800 701 1865 tribus
723 1799 810 1864 acris
834 1821 945 1878 morse,
969 1804 1003 1865 et
1021 1799 1058 1862 in
1072 1799 1140 1865 alio
1156 1800 1228 1866 loco
1243 1801 1279 1864 in

123 1908 193 1951 una
215 1887 297 1952 roda
321 1891 468 1970 pasturae
491 1886 533 1949 ad
556 1886 751 1951 omnimoda
771 1886 885 1950 averia
899 1908 959 1970 per
972 1889 1084 1950 totum
1102 1910 1228 1952 annum
1245 1893 1280 1952 et

125 1974 166 2038 de
183 1995 248 2056 qua
263 1974 444 2058 pradictus
461 1972 656 2053 Nicholaus,
680 1974 903 2057 praedecessor
926 1995 1017 2051 suus,
1042 1975 1111 2039 fuit
1134 1974 1279 2060 seysitus

125 2066 165 2124 ut
180 2061 221 2125 de
237 2060 338 2125 feodo
354 2067 389 2126 et
404 2061 480 2144 jure
496 2059 643 2124 ecclesia
659 2081 726 2124 sure
742 2060 860 2125 Sancti
882 2060 976 2126 Petri
994 2061 1034 2125 de
1051 2061 1279 2137 Brinkeburn,

124 2151 276 2232 tempore
291 2147 384 2233 pacis
400 2152 552 2231 tempore
576 2146 703 2210 domini
726 2147 869 2212 Henrici
891 2146 1007 2231 Regis,
1026 2149 1133 2232 patris
1150 2148 1279 2213 domini

124 2235 229 2319 Regis
245 2256 345 2314 nunc,
362 2233 526 2318 capiendo
542 2233 620 2298 inde
636 2233 784 2318 expletio
795 2235 838 2298 ad
854 2233 1046 2313 valentiam,
1063 2243 1139 2314 eto,
1157 2257 1279 2318 quous-

125 2321 1279 2494 tlhltlttalbttttbattidiffitebitur

330 2459 339 2487 9
974 2456 984 2487 5
1269 2460 1278 2487 ἱ

125 2500 189 2562 etc.

191 2584 237 2647 Et
259 2583 406 2647 Thomas
429 2582 523 2645 venit
545 2584 579 2646 et
603 2581 757 2647 defendit
772 2582 828 2665 jus
848 2602 945 2645 suum
963 2583 1107 2666 quand0,
1124 2589 1188 2650 etc.
1234 2585 1281 2648 Et

127 2671 237 2754 quoad
253 2691 465 2736 communam
481 2668 517 2731 in
534 2667 644 2732 tribus
659 2669 746 2733 acris
756 2690 857 2733 morae
869 2669 953 2734 dicit
966 2670 1046 2752 (sic).
1076 2673 1194 2736 Postea
1203 2693 1281 2736 con-

127 2758 258 2822 cordati
280 2760 372 2821 sunt.
417 2754 510 2820 Alibi
533 2755 611 2819 linis
633 2776 694 2839 pro
716 2754 856 2822 licentia
878 2757 1114 2822 concordandi.
1160 2759 1206 2822 Et
1229 2761 1282 2823 est

126 2844 305 2910 concordia
329 2843 408 2908 talis
435 2843 524 2926 quod
553 2842 732 2926 predictus
761 2842 858 2908 Prior
884 2843 1029 2908 remittit
1061 2849 1096 2910 et
1126 2846 1280 2928 quietum

127 2932 263 3011 clamat,
290 2931 331 2994 de
357 2952 393 2996 se
419 2934 454 2994 et
480 2928 727 2994 successoribus
750 2930 831 3009 suis,
854 2933 965 2995 totum
985 2932 1042 3015 jus
1065 2935 1101 2996 et
1116 2932 1281 2997 clameum

127 3019 218 3103 quod
247 3017 369 3081 habuit
413 3016 571 3101 exigendi
603 3037 815 3085 communem
857 3023 1004 3102 pasturae
1040 3017 1076 3081 in
1113 3019 1282 3103 praedictis

126 3106 237 3171 tribus
264 3105 350 3169 acris
376 3125 476 3168 morae
501 3108 652 3187 tempore
680 3103 803 3167 clauso.
849 3104 895 3167 'Et
917 3103 997 3188 quia
1019 3104 1107 3171 idem
1134 3106 1281 3172 Thomas

126 3191 251 3257 levavit
275 3192 444 3276 quoddam
468 3193 628 3275 stagnum
654 3189 691 3253 in
714 3189 875 3274 praedicta
902 3191 983 3255 roda
1007 3196 1163 3276 pasturae,
1192 3194 1279 3259 idem

128 3279 225 3344 Prior
251 3278 417 3343 concessit
444 3299 504 3361 pro
532 3298 567 3340 se
592 3282 627 3341 et
653 3277 899 3342 successoribus
924 3278 994 3343 suis
1022 3279 1279 3365 imperpetuum.

128 3368 174 3431 Et
189 3388 250 3451 pro
266 3365 339 3443 hac,
363 3369 438 3442 eto,
462 3365 550 3427 idem
574 3363 719 3428 Thomas
736 3363 900 3430 concessit
922 3386 983 3449 pro
999 3388 1034 3431 se
1050 3373 1086 3430 et
1101 3367 1281 3433 heredibus

128 3453 199 3518 suis
222 3453 381 3537 praedioto
406 3450 516 3515 Priori
542 3454 577 3515 et
601 3451 849 3517 successoribus
877 3451 947 3516 suis
974 3457 1009 3518 et
1035 3453 1183 3519 ecclesiae
1213 3477 1281 3520 suae

128 3541 551 3625 praedictae,·comn1unam
577 3542 723 3623 pasturae
753 3538 789 3600 in
816 3538 953 3616 eisdem,
978 3545 1055 3624 post
1084 3540 1215 3606 foenum
1246 3545 1281 3607 et

127 3628 265 3694 bladum
289 3629 474 3710 asportata.
521 3625 567 3688 llt
600 3624 629 3688 si
661 3624 774 3688 averia
798 3625 904 3709 ipsius
929 3626 1056 3692 Prioris
1077 3627 1282 3693 intraverint

128 3716 164 3779 in
181 3715 305 3779 eisdem
322 3713 432 3777 tribus
449 3711 535 3778 aeris
551 3715 587 3775 et
600 3711 660 3775 illa
675 3712 757 3776 roda
778 3715 929 3796 tempore
953 3713 1077 3794 clauso,
1100 3716 1281 3799 pradictus

128 3802 275 3866 Thomas
291 3815 326 3867 et
340 3799 480 3866 heredes
497 3797 550 3863 sui
566 3819 607 3863 ea
621 3797 694 3863 sine
710 3798 857 3883 dampno
873 3799 1004 3866 facient
1019 3802 1186 3888 refugare.

195 4023 370 4087 Johannes
406 4018 559 4104 Harang’
604 4019 693 4104 petit
737 4040 850 4084 versus
896 4020 1081 4087 Robertum
1126 4022 1280 4106 Harang’

130 4115 276 4195 quatuor
287 4108 490 4192 messuagia‚
504 4108 682 4190 sexaginta
697 4128 792 4172 acras
808 4111 915 4182 terrm,
932 4130 1034 4172 unam
1051 4131 1164 4175 acram
1179 4111 1281 4194 prati,

130 4205 165 4263 et
181 4196 413 4261 duodecimam
429 4196 561 4279 partem
576 4194 677 4259 unius
700 4193 885 4258 molendini
909 4217 984 4260 cum
1007 4197 1222 4280 pertinentiis
1245 4198 1282 4261 in

129 4284 273 4369 Howyh,
286 4282 459 4366 dequibus
473 4280 662 4346 Germanus
673 4281 828 4366 Rybaud‚
841 4303 923 4346 avus
934 4283 1087 4368 praedicti
1101 4284 1124 4348 J
1125 4284 1282 4365 ohannis,

130 4372 229 4457 cujus
244 4371 341 4436 heres
357 4369 429 4454 ipse
445 4371 509 4447 est,
524 4366 594 4431 fuit
609 4368 754 4470 sepsitus
769 4369 806 4431 in
821 4368 990 4435 dominico
1005 4391 1066 4435 suo
1078 4375 1117 4436 ut
1126 4371 1168 4437 de
1182 4371 1284 4437 feodo

131 4461 187 4526 die
202 4478 281 4542 quc,
297 4461 359 4522 etc.
405 4457 452 4520 Et
474 4452 565 4520 unde
587 4455 672 4523 dicit
694 4456 784 4540 quod
806 4455 986 4540 pradictus
1008 4457 1198 4525 Germanus
1212 4458 1282 4524 fuit
