2956 4988
342 470 456 517 lssrzr
479 472 579 532 som,
603 471 943 533 ronrnnrnnsmnn,
968 451 988 518 7
1012 472 1100 520 now.
1125 473 1150 520 1.
1261 451 1324 518 297

172 644 241 688 non
266 626 448 693 accederet.
493 628 540 692 Et
566 626 650 693 dicit
676 628 765 712 quod
792 631 870 712 post
894 626 1135 695 inhibitionem
1161 627 1256 692 illam
1279 628 1323 692 ed

171 717 285 795 partes
301 714 343 780 de
357 713 520 799 Tyndale‚
538 715 682 780 accessit
704 720 739 780 et
761 715 808 780 ibi
831 715 1003 780 numiatus
1025 715 1105 795 fuit,
1127 715 1217 781 unde
1239 715 1325 780 dicit

172 800 262 882 quod
275 821 344 864 non
360 801 478 866 debuit
492 802 604 887 ipsum
623 803 807 868 Henricum
822 803 1025 886 aquietasse,
1042 806 1107 869 etc.

238 887 284 951 Et
298 888 468 963 Henricus
484 894 519 953 et
534 889 594 953 alii
609 889 729 955 dicunt
742 891 830 974 quod
845 911 1020 974 nunquam
1035 890 1149 974 aliqua
1164 888 1326 954 inhibitio

173 973 267 1038 facta
287 975 358 1039 fuit
372 977 462 1060 quod
478 976 590 1041 nullus
605 976 783 1061 burgensis
798 977 973 1042 accederet
988 976 1031 1041 ad
1046 982 1162 1061 partes
1174 976 1250 1041 illas
1265 997 1326 1061 per

173 1080 383 1128 communem
409 1084 578 1129 assensem
601 1063 700 1148 burgi
730 1063 817 1128 Novi
848 1063 972 1130 Castri.
1016 1064 1062 1129 Et
1091 1064 1208 1128 dicunt
1235 1063 1325 1148 quod

171 1148 351 1230 pradictus
374 1150 542 1215 Henricus
564 1151 736 1216 namiatus
759 1151 828 1215 fuit
843 1173 904 1236 per
918 1151 1117 1236 pradictum
1132 1151 1325 1215 Johannem

172 1237 207 1298 et
221 1257 283 1320 pro
298 1236 411 1302 debito
426 1239 464 1300 in
480 1257 545 1322 quo
559 1237 648 1304 idem
659 1237 682 1302 J
683 1237 834 1303 ohannes
848 1239 993 1305 asseruit
1004 1238 1149 1304 eundem
1160 1238 1326 1302 Thomam

171 1321 202 1384 ei
217 1323 336 1388 teneri.
382 1324 428 1388 Et
454 1324 544 1408 quod
567 1325 635 1411 ipsi
659 1346 736 1390 eum
760 1347 800 1390 ea
822 1325 955 1391 ratione
971 1347 1031 1410 per
1046 1325 1326 1391 consuetudinem

172 1410 272 1473 curiae
299 1411 398 1494 burgi
421 1411 510 1476 Novi
536 1411 649 1477 Castri
679 1412 938 1477 distrinxerunt.
998 1411 1139 1477 Ponunt
1165 1433 1200 1476 se
1225 1433 1326 1496 super

171 1497 329 1579 patriam.
374 1498 420 1562 Et
436 1499 515 1583 quia
531 1499 594 1564 hoc
609 1499 699 1563 idem
716 1500 908 1565 convictum
931 1503 984 1565 est
997 1521 1057 1584 per
1068 1500 1231 1582 juratam,
1248 1520 1325 1564 con-

173 1583 358 1649 sideratum
376 1589 429 1650 est
448 1586 538 1670 quod
560 1586 742 1671 praedictus
765 1587 934 1652 Henricus
950 1591 985 1672 et
1000 1585 1059 1650 aili
1075 1587 1154 1651 inde
1170 1587 1243 1649 sine
1259 1586 1324 1665 die,

172 1674 207 1733 et
222 1670 369 1736 Thomas
386 1672 552 1757 Wytewel
569 1673 675 1738 nichil
691 1672 804 1758 capiat
819 1694 879 1758 per
900 1674 1051 1758 juratam
1074 1675 1187 1751 istam,
1212 1677 1264 1737 set
1279 1673 1325 1738 sit

171 1757 382 1909 ixp'iplripl’nppo
397 1759 496 1911 didm
523 1760 678 1910 clamotre,
694 1760 1029 1913 Ι(πο.ΕΙ,Ιίἒείιτᾶοηιιῖὺιιτ
1051 1761 1095 1912 atd
1122 1761 1325 1824 instantiam

255 1867 273 1910 e
322 1869 334 1908 1
363 1867 381 1911 e
464 1868 622 1932 unoeyse
655 1861 760 1913 etiam
810 1871 822 1911 1
846 1870 857 1911 1
872 1870 954 1933 poni
973 1869 1023 1928 ur,
1041 1869 1058 1912 e
1076 1870 1104 1913 c.

220 2042 344 2106 Annus
368 2063 413 2106 nn
437 2063 596 2106 nrvnasrs
619 2042 780 2106 Pmcrrrs
803 2063 1023 2107 nrvnasoaum
1045 2042 1282 2108 Oommrunn.

238 2188 404 2274 Magister
440 2188 631 2273 Hospitalis
662 2187 779 2253 Sancti
817 2187 973 2254 Nicholai
1004 2188 1046 2252 de
1075 2188 1238 2268 EboracO,
1268 2210 1328 2273 per

172 2279 386 2341 attornatum
401 2297 510 2353 suum,
526 2275 652 2360 optulit
668 2297 704 2340 se
718 2275 794 2360 iiijto
806 2276 860 2340 die
876 2297 992 2339 versus
1017 2275 1125 2338 Adam
1148 2276 1189 2341 de
1210 2275 1325 2340 Oarle·

172 2374 234 2427 ton
256 2363 297 2429 de
318 2363 444 2447 placito
468 2362 556 2445 quod
578 2362 686 2427 faciat
705 2363 736 2427 ei
752 2363 1015 2427 consuetudines
1031 2368 1066 2427 et
1081 2367 1166 2428 reta¹
1189 2362 1327 2427 servitia

173 2472 245 2533 quae
259 2450 290 2513 ei
304 2450 417 2514 facere
429 2450 530 2514 debet
541 2450 584 2513 de
596 2449 702 2515 libero
715 2453 910 2515 tenemento
927 2471 999 2529 suo,
1015 2450 1104 2532 quod
1121 2450 1162 2513 de
1177 2470 1217 2514 eo
1231 2453 1327 2514 tonet

172 2538 209 2600 in.
224 2538 374 2617 Barton'‚
390 2537 482 2601 utin
498 2536 698 2616 redditibus,
716 2536 907 2622 arreragiis,
924 2541 959 2603 et
978 2536 1064 2600 aliis.
1109 2537 1155 2600 Et
1170 2536 1242 2621 ipse
1258 2559 1327 2601 non

173 2624 276 2689 venit.
323 2624 369 2687 Et
384 2626 589 2708 praeceptum
607 2623 677 2687 fuit
700 2624 891 2690 vicecomiti
907 2624 996 2708 quod
1012 2623 1234 2708 distringeret
1249 2645 1325 2688 eum

171 2732 232 2796 per
257 2731 373 2775 omnes
398 2716 517 2790 terras,
545 2715 621 2791 etc,
648 2714 683 2777 et
707 2712 797 2795 quod
820 2711 861 2775 de
886 2710 1045 2789 exitibus,
1072 2715 1149 2790 etc,
1178 2714 1213 2775 et
1237 2712 1327 2795 quod

172 2798 313 2865 haberet
343 2819 463 2882 corpus
492 2797 599 2882 ipsius
629 2798 685 2861 hic
714 2799 758 2861 ad
788 2798 877 2862 hunc
907 2798 1008 2862 diem.
1068 2797 1114 2861 Et
1144 2796 1327 2863 vicecomes

174 2885 281 2950 nichil
296 2885 374 2951 inde
389 2885 484 2965 fecit,
500 2888 553 2949 set
562 2885 737 2948 mandevit
752 2885 841 2969 quod
856 2885 1021 2969 receperit
1036 2884 1211 2948 dimidiam
1225 2887 1268 2948 m’
1285 2885 1327 2952 de

174 2973 321 3037 exitibus
344 2975 510 3039 terrarum
532 2971 639 3056 rpsius
663 2971 755 3036 Adae.
799 2971 882 3036 Ideo
897 2972 986 3036 sicut
1008 2972 1102 3057 prius
1125 2977 1328 3056 praeceptum

172 3065 225 3124 est
252 3059 441 3125 vicecomiti
466 3059 554 3143 quod
578 3058 762 3142 distringat
783 3079 861 3123 eum
882 3079 942 3143 per
966 3079 1082 3123 omnes
1106 3064 1225 3138 terras,
1250 3063 1327 3140 etc,

173 3147 223 3212 ita
245 3147 345 3231 quod,
368 3151 445 3227 etc,
469 3150 504 3210 et
527 3145 616 3229 qnod
642 3145 684 3211 de
714 3146 872 3225 exitibus,
904 3151 980 3224 eto,
1012 3149 1048 3209 et
1082 3145 1170 3229 quod
1203 3145 1328 3210 habeat

175 3255 296 3319 corpus
319 3235 391 3318 ejus
414 3233 503 3317 apud
522 3232 676 3317 Appelby
691 3232 727 3296 in
744 3233 907 3298 comitatu
930 3253 1001 3313 suo,
1023 3254 1044 3296 a
1067 3232 1121 3298 die
1139 3231 1277 3298 Paschae
1292 3233 1329 3295 in

175 3343 280 3385 unum
296 3342 456 3400 mensem,
473 3325 536 3385 etc.
583 3320 628 3383 nt
643 3320 769 3384 habeat
784 3319 832 3384 ibi
847 3319 1024 3404 praedictos
1040 3319 1162 3399 exitus,
1174 3323 1238 3385 etc.
1283 3320 1330 3383 Et

174 3409 357 3474 vicecomes
373 3407 419 3472 sit
433 3407 481 3472 ibi
497 3407 541 3471 ad
555 3406 762 3471 audiendum
776 3406 943 3492 judicium
958 3428 1068 3487 suum,
1084 3411 1148 3473 etc.

227 3598 375 3663 Pnacmr
396 3618 442 3662 nn
466 3618 623 3662 nrvnasrs
647 3597 878 3662 Oonrmrrrnus
902 3617 1027 3661 remam
1051 3618 1089 3661 nv
1111 3617 1275 3663 oassrnvo

455 3685 736 3750 Punrmorrronrs
759 3685 883 3748 erm
906 3684 1045 3749 Minue.

239 3832 349 3896 Adam
371 3831 462 3895 fflins
477 3830 623 3896 Gilberti
637 3830 679 3897 de
694 3828 918 3914 Oomwyntyn
941 3832 976 3896 et
996 3830 1127 3910 Emma,
1143 3851 1227 3895 uxor
1241 3830 1328 3917 ejus,

174 3922 297 4004 petunt
325 3940 438 3984 versus
463 3917 632 3982 Abbatem
656 3918 697 3982 de
722 3916 842 3981 Caldre
866 3939 972 3980 unum
996 3917 1224 4002 messuagium
1252 3938 1328 3983 oum

174 4006 389 4092 pertinentiis
415 4006 452 4068 in
477 4005 676 4084 Ookermue‚
704 4008 741 4068 ut
771 4004 828 4087 jus
855 4004 962 4089 ipsius
992 4005 1130 4083 Emmae‚
1161 4009 1226 4070 etc.
1282 4006 1328 4069 Et

175 4094 300 4173 Abbas,
324 4114 384 4179 per
410 4096 622 4157 attornatum
647 4112 757 4171 suum,
785 4091 879 4156 venit
899 4095 933 4157 et
956 4091 1044 4175 petit
1064 4091 1143 4156 inde
1158 4091 1278 4173 visum,
1295 4096 1329 4157 et

176 4182 307 4246 habeat.
354 4179 435 4244 Dies
456 4180 557 4244 datus
573 4182 626 4243 est
641 4178 689 4243 eis
705 4179 796 4262 apud
812 4178 966 4263 Appelby
982 4178 1018 4241 in
1034 4178 1201 4243 comitatu
1218 4179 1330 4245 West-

176 4269 368 4335 merlandiae
383 4288 404 4331 a
419 4267 472 4331 die
488 4264 626 4331 Pascha
640 4267 678 4329 in
693 4287 800 4330 unum
821 4286 981 4331 mensem.
1026 4266 1073 4329 Et
1095 4266 1243 4347 interim,
1262 4269 1328 4333 etc.

669 4437 676 4470 ¹
694 4437 836 4491 Ferreolo.
