2956 4988
339 458 453 504 sssxzn
475 459 572 521 notu,
595 459 935 524 consummantum,
959 440 977 507 7
1001 461 1089 507 nnvv.
1112 462 1140 508 1.
1249 439 1312 504 343

159 610 183 675 J
184 610 600 764 udicipimtinfortunium.
645 614 802 680 Precium
814 616 892 701 equi
906 615 959 701 iiij
972 617 1009 698 ε’,
1024 616 1115 684 unde
1129 616 1313 682 vicecomes

160 718 281 784 respon
306 721 371 765 ea.

226 854 399 923 Gilbertus
416 856 507 922 filius
527 857 654 924 Aviciae
684 858 854 925 subtraxit
884 880 920 925 se
951 861 987 926 et
1011 858 1249 926 malcoreditur
1270 860 1312 925 de

160 942 313 1028 pluribus
331 944 530 1026 latrociniis,
546 944 622 1011 ideo
646 946 802 1031 exigatur
820 952 854 1012 et
868 947 1054 1034 utlagetur.
1092 947 1226 1014 Catella
1237 947 1313 1034 ejus

160 1030 217 1114 viij
228 1031 253 1094 ε’
269 1031 317 1117 iiij
331 1032 364 1095 d’
380 1032 439 1114 ob',
455 1033 545 1099 unde
559 1033 743 1099 vicecomes
758 1034 970 1120 respondeat.

227 1185 278 1250 De
294 1186 412 1251 eodem
426 1185 621 1253 vicecomite
636 1189 678 1256 de
691 1193 827 1257 tesauro
840 1190 980 1255 invento
994 1190 1051 1255 vc’
1063 1190 1077 1275 j
1091 1188 1124 1253 d’
1140 1189 1199 1255 ot'.

226 1341 418 1407 Willelmus
455 1343 488 1408 le
518 1343 661 1424 Solater,
691 1344 847 1429 Rogerus
886 1344 1080 1426 Stedeman,
1110 1341 1313 1428 Ranulphus

130 1493 132 1497 Α
163 1429 378 1515 Sehapavvey,
405 1430 579 1497 Johannes
606 1434 641 1496 et
662 1431 820 1513 Thomas,
836 1432 899 1496 filii
923 1432 1051 1497 domini
1078 1431 1102 1496 J
1103 1430 1249 1497 ohannis
1272 1430 1313 1496 de

162 1517 355 1595 Fornacres,
387 1517 568 1597 Patricius,
599 1519 747 1604 armiger
774 1520 858 1585 dicti
888 1519 1018 1584 domini
1045 1517 1223 1598 Johannis,
1246 1517 1314 1582 Ro-

162 1605 277 1669 bertus
293 1604 384 1668 filius
400 1604 564 1669 Willelmi
584 1605 625 1670 de
648 1606 792 1686 Molton,
810 1608 830 1671 J
832 1607 984 1672 ohannes
1001 1606 1042 1671 de
1061 1604 1314 1684 Hundmanebi,

163 1694 198 1754 et
213 1691 317 1777 Hugo
337 1691 368 1755 le
386 1691 548 1759 Solatiere
564 1693 796 1778 burgaverunt
810 1694 948 1759 domum
962 1693 1101 1758 Ricardi
1116 1692 1179 1756 filii
1195 1692 1315 1777 Sweyn

164 1779 204 1841 de
220 1779 337 1844 Heton
352 1782 387 1842 et
403 1779 521 1843 statim
544 1780 639 1863 fugit
656 1781 724 1864 (sic)
743 1802 849 1865 usque
875 1781 911 1844 in
938 1780 1131 1847 libertatem
1154 1779 1315 1863 Episcopi

164 1864 402 1930 Dunelmensis
432 1867 522 1950 apud
546 1866 755 1948 Fornacres‚¹
781 1870 904 1952 praeter
932 1869 1106 1954 Rogerum
1131 1867 1315 1933 Stedeman

165 1952 222 2036 qui
251 1952 345 2037 fugit
374 1953 411 2015 in
439 1953 563 2033 Scotia,
588 1958 624 2018 et
650 1954 933 2035 malecreduntur‚
957 1954 1034 2019 ideo
1068 1954 1248 2039 exigantur
1281 1955 1317 2018 et

163 2039 373 2125 utlagentur.
434 2038 568 2105 Catella
600 2042 750 2126 ejusdem
780 2042 952 2128 Runulphi
978 2042 1183 2127 Schapavvey
1209 2040 1260 2126 xvj
1271 2041 1316 2122 d',

163 2126 253 2193 unde
268 2126 450 2192 vicecomes
465 2127 679 2212 respoudeat.

229 2298 420 2363 Willelmus
437 2299 527 2364 filius
542 2299 688 2364 Walteri
712 2300 752 2366 de
777 2300 917 2367 Aldebir
940 2301 1054 2366 volens
1079 2300 1190 2386 jacere
1214 2300 1316 2366 bacu-

164 2386 234 2450 lum
250 2386 293 2450 ad
309 2386 447 2470 gallum,
465 2387 516 2451 ita
531 2387 619 2471 quod
634 2409 695 2473 per
716 2387 945 2453 infortunium
967 2389 1134 2473 percussit
1147 2389 1318 2473 quendam

164 2495 308 2558 puerum
330 2474 366 2536 in
383 2474 505 2558 capite,
521 2474 573 2540 ita
587 2474 679 2559 quod
705 2475 801 2540 obiit.
857 2476 903 2539 Et
927 2475 1109 2561 praedictus
1124 2474 1317 2541 Willelmus

165 2582 233 2626 non
248 2559 487 2626 malecreditur
501 2561 543 2626 de
558 2567 667 2627 morte
681 2563 853 2647 praedicta,
870 2563 946 2629 ideo
961 2563 1078 2628 redeat
1093 2562 1121 2628 si
1140 2561 1295 2627 voluerit.

232 2735 404 2800 Johannes
420 2735 461 2799 de
480 2735 663 2802 Dervvente
685 2737 822 2802 furatus
847 2736 916 2801 fuit
943 2735 1112 2820 quendam
1137 2734 1257 2801 bovem
1280 2735 1317 2799 in
1356 2734 1404 2803 s

165 2821 391 2907 Bellingham.
436 2824 482 2887 Et
498 2824 617 2888 statim
631 2823 725 2909 fugit
740 2829 775 2888 et
789 2823 1038 2899 malecreditur,
1061 2823 1138 2888 ideo
1161 2822 1319 2907 exigatur

166 2909 414 3081 idspllirliliseaim'
474 2909 609 2975 Catella
638 2911 710 2995 ejus
741 2911 882 2976 dimidia
913 2911 967 2992 m',
1005 2910 1094 2974 unde
1133 2909 1317 2976 vicecomes

231 3162 404 3227 Johannes
430 3164 577 3248 Morgan
599 3163 768 3229 subtraxit
790 3166 881 3229 sect
904 3161 1142 3228 malecreditur
1157 3162 1197 3228 de
1212 3160 1317 3246 pluri-
1357 3140 1409 3200 *s

167 3249 229 3313 bus
245 3249 443 3332 latrociniis,
459 3250 535 3315 ideo
560 3250 716 3336 exigatur
731 3254 766 3316 et
783 3250 967 3335 utlagetur.
1013 3248 1147 3315 Catulla
1162 3248 1236 3334 ejus
1252 3248 1285 3313 xl
1293 3249 1318 3311 s’

166 3336 256 3403 unde
271 3337 455 3403 vicecomes
470 3337 682 3423 respondeat.

232 3508 394 3589 Quaedam
417 3508 539 3574 mulier
562 3482 912 3595 ingnotansortilegaqx
933 3509 1075 3575 intravit
1100 3509 1238 3574 domum
1261 3509 1319 3574 Jo·
1374 3476 1441 3578 s

168 3594 291 3660 hannis
306 3596 347 3660 de
362 3595 578 3661 Kerneslawe
600 3597 684 3661 hora
706 3596 908 3682 vespentina,
929 3600 965 3661 et
990 3598 1101 3683 ipsum
1127 3596 1320 3664 Johannem

167 3682 346 3747 insultavit
360 3704 400 3749 eo
415 3683 506 3767 quod
519 3683 609 3748 idem
624 3683 647 3748 J
648 3683 798 3748 ohannes
818 3684 992 3771 singnavit
1014 3705 1050 3749 se
1072 3684 1195 3769 singno
1211 3683 1319 3750 crucis

168 3791 268 3854 super
288 3769 471 3834 luminaria
487 3771 620 3855 quando
643 3771 813 3851 dixerunt,
829 3770 1035 3838 Benedicite.
1080 3772 1126 3835 Et
1148 3771 1237 3838 idem
1259 3771 1319 3837 Jo-

88 3874 95 3885 ·
168 3857 296 3923 hanues
313 3878 348 3923 se
364 3857 587 3938 defendendo,
602 3861 767 3942 tanquam
782 3857 824 3924 de
839 3857 985 3940 diabolo,
1000 3859 1167 3945 percussit
1178 3858 1320 3924 eandem

168 3944 363 4028 sortilegam
389 3945 534 4029 quodam
560 3945 691 4025 astello‚
711 3945 762 4010 ita
788 3946 877 4029 quod
904 3945 999 4011 obiit.
1045 3946 1091 4009 Et
1116 3948 1235 4031 postea
1260 3966 1320 4030 per

168 4031 333 4115 judicium
356 4032 463 4097 totius
485 4031 608 4113 clerici,
633 4032 809 4107 combusta
830 4032 910 4097 fuit.
956 4034 1002 4097 Et
1028 4032 1118 4099 idem
1142 4034 1165 4098 J
1167 4033 1319 4097 ohannes

168 4122 245 4203 post
260 4118 391 4183 factum
411 4119 496 4183 illud
518 4119 669 4184 furiosus
692 4120 837 4184 devenit.
883 4121 929 4183 ut
955 4123 1074 4204 postea
1090 4141 1166 4184 cum
1182 4141 1318 4186 sensum

168 4210 398 4289 recuperasset
413 4205 608 4272 memorans
618 4208 749 4272 factum
761 4207 970 4292 praedictum,
984 4207 1013 4272 si
1024 4209 1139 4292 posset
1151 4208 1267 4274 cedere
1282 4206 1319 4271 in

168 4292 367 4377 periculum,
382 4293 475 4379 fugit
491 4314 596 4378 usque
610 4294 648 4359 in
667 4295 910 4382 Episcopatum
922 4294 1186 4361 Dunelmensem
1201 4298 1237 4360 et
1252 4316 1322 4362 non

583 4464 591 4497 ¹
608 4465 924 4520 FxmscroeinDurhum.
