2956 4988
264 503 379 548 sssran
403 504 501 564 nona,
526 504 864 565 ronrnnnssnnrnn,
890 487 932 549 40
957 508 1038 550 666.
1063 508 1116 551 111.
1228 488 1269 552 67

111 655 267 742 primam,
291 661 355 722 etc.
413 657 458 720 111
487 658 578 722 unde
606 659 760 742 queritur
783 661 872 743 quod
902 660 1160 726 disseisiverunt
1190 682 1267 726 eum

112 744 155 808 dc
179 748 255 808 octo
271 744 357 810 acris
373 748 471 810 terrae
485 767 563 811 cum
578 746 808 831 pertinentiis,
854 748 900 811 Et
919 747 1003 813 dicit
1019 749 1109 832 quod
1124 750 1269 833 ipsemet

111 831 243 896 dimisit
264 831 461 916 praedictam
483 835 610 897 terram
632 833 793 917 praedicto
816 833 963 899 Ricardo
986 836 1028 901 de
1050 835 1202 900 Boxford
1224 837 1268 900 ad

112 917 308 998 terminum,
325 924 360 984 et
383 919 473 983 idem
495 920 663 984 Ricardus
686 925 805 1005 postea
828 920 959 986 dimisit
981 923 1123 988 eandem
1140 925 1268 988 terram

112 1003 213 1070 dictae
235 1006 376 1091 Agneti.
435 1006 667 1072 111111661166
694 1007 735 1072 16
761 1008 913 1072 Bosford
940 1011 976 1072 et
1001 1009 1117 1094 Agnes
1144 1013 1268 1094 petunt

107 1091 285 1177 judicium,
310 1092 441 1158 desicut
464 1093 555 1158 idem
577 1093 746 1158 Ricardus
770 1095 860 1158 filius
893 1095 1059 1159 Willelmi
1092 1097 1266 1180 cognoscit

112 1180 201 1262 qnod
217 1183 337 1265 sponte
347 1181 477 1245 dimisit
492 1183 528 1244 et
543 1181 712 1246 concessit
723 1181 885 1265 praedicto
896 1181 1043 1246 Ricardo
1059 1184 1100 1246 de
1117 1183 1269 1248 Boxford

108 1265 305 1350 praedictam
334 1272 471 1346 terram,
502 1268 532 1332 si
565 1268 690 1333 debent
720 1268 752 1332 ei
775 1270 977 1353 respondere
1003 1271 1047 1334 ad
1069 1270 1265 1354 praedictam

111 1355 265 1419 assisam.
311 1354 393 1418 Ideo
416 1355 669 1420 consideratum
691 1358 745 1421 est
767 1357 861 1438 quod
872 1356 1026 1440 praedicti
1049 1357 1217 1422 Ricardus
1233 1363 1269 1422 et

111 1441 227 1525 Agnes
251 1441 330 1507 inde
354 1441 427 1506 sine
451 1442 516 1523 die,
533 1445 568 1506 61
591 1442 756 1507 Ricardus
779 1442 868 1507 filius
885 1443 1050 1508 Willelmi
1065 1444 1101 1507 in
1116 1444 1192 1508 mis’
1208 1466 1270 1530 pro

112 1527 202 1592 falso
217 1528 373 1595 clamore.

177 1665 346 1731 Robertus
364 1666 405 1730 de
420 1665 624 1745 Dokesford,
635 1665 787 1746 clericus,
800 1666 859 1751 qui
874 1667 956 1730 tulit
972 1668 1071 1734 breve
1089 1688 1184 1734 novae
1200 1669 1270 1733 dis-

110 1752 367 1819 seisinaeversus
377 1753 518 1838 Ingram
528 1754 570 1819 de
580 1753 774 1818 Dokesford
789 1754 831 1817 de
841 1775 1022 1819 communa
1037 1759 1185 1839 pasturae
1201 1777 1269 1821 suae

112 1839 149 1902 in
158 1839 324 1920 Doxford,
333 1841 429 1905 venit
444 1844 479 1904 et
495 1842 638 1904 retraxit
654 1861 701 1905 se.
729 1841 812 1905 Ideo
827 1840 900 1925 ipse
916 1845 951 1905 61
960 1841 1067 1926 plegii
1077 1841 1131 1907 sui
1140 1843 1182 1907 de
1192 1864 1269 1927 pro-

112 1927 282 2011 sequendo
298 1927 335 1990 in
351 1927 439 2006 mis',
451 1927 590 2006 scilicet,
601 1928 772 1992 Robertus
789 1927 878 1992 filius
896 1927 1043 1993 Simonis
1054 1930 1094 1993 de
1104 1930 1269 2010 Fandon’,

111 2013 287 2098 Reynerus
299 2014 390 2078 filius
406 2014 540 2079 Addok'
556 2014 597 2078 de
612 2014 789 2090 Preston’;
805 2014 912 2099 plegii
927 2016 1070 2079 Roberti
1086 2017 1126 2081 de
1137 2016 1269 2082 1161166-

111 2100 200 2165 ford'
216 2102 257 2166 de
273 2101 360 2181 mis',
376 2102 487 2165 Adam
502 2102 544 2165 de
562 2100 754 2165 Dokesford
771 2105 805 2165 et
822 2101 962 2186 Ingram
978 2103 1019 2166 de
1036 2103 1240 2170 Dokesford.

179 2239 348 2305 Bobertus
364 2239 395 2306 16
412 2239 551 2325 Waleys
565 2239 692 2323 optulit
708 2261 742 2305 se
758 2237 833 2322 11111ο
848 2239 903 2303 116
915 2260 1032 2304 versus
1048 2241 1269 2321 1166161166,ι

113 2326 219 2391 filiam
244 2327 267 2393 J
268 2327 415 2392 ohannis
425 2316 470 2390 ’16
485 2326 666 2406 Vescunte,
683 2326 725 2391 de
748 2326 875 2410 placito
901 2326 990 2411 quod
1006 2326 1038 2391 ei
1054 2328 1270 2393 warrantizet

110 2414 329 2480 medietatem
366 2414 468 2480 unius
506 2416 673 2478 carucatas
717 2416 816 2478 terrea
855 2435 931 2478 cum
976 2414 1194 2498 pertinentiis
1234 2415 1271 2478 in

110 2501 300 2581 Elmedon',
325 2523 425 2586 quam
450 2504 547 2568 tenet
571 2500 613 2564 16
637 2521 677 2567 66
701 2505 736 2565 61
762 2504 879 2567 tenere
911 2500 1047 2566 clamat.
1101 2502 1148 2565 Et
1180 2503 1270 2569 unde

111 2592 242 2654 cartam
254 2590 275 2652 J
277 2589 421 2654 ohannis
437 2588 468 2652 le
480 2588 664 2668 Vescunte,
677 2588 787 2672 patris
802 2588 972 2671 praedictae
983 2589 1163 2669 Ramettae,
1174 2592 1271 2674 cujus

113 2675 211 2743 heres
240 2675 316 2761 ipsa
345 2679 408 2756 661,
441 2674 556 2755 habet,
588 2677 653 2740 etc.
699 2676 745 2739 Et
775 2675 939 2739 Rametta
969 2696 1039 2739 non
1068 2676 1173 2741 venit.
1224 2677 1271 2740 Et

115 2764 375 2844 summoniatur,
403 2766 469 2828 etc.
523 2761 709 2842 Jndicium,
732 2761 946 2826 attachiatur
976 2762 1066 2846 quod
1093 2762 1140 2826 sit
1171 2784 1192 2827 6
1215 2763 1271 2828 116

113 2850 253 2916 Paschae
268 2849 305 2913 in
321 2850 469 2936 quinque
485 2849 693 2934 septimanas
710 2850 800 2933 apud
816 2848 1016 2916 Karleolum
1038 2849 1075 2912 in
1091 2848 1270 2915 comitatu

114 2936 397 3017 Oumberlandiae,
413 2940 479 3003 etc.

156 3076 272 3157 Alina,
288 3097 374 3141 uxor
388 3075 590 3140 Erchebaud
605 3074 646 3141 de
671 3073 837 3158 Dunglas,
853 3073 952 3157 ponit
975 3073 1050 3138 loco
1073 3094 1135 3139 sno
1157 3074 1270 3160 ipsum

112 3163 326 3242 Erchebaud,
342 3163 452 3227 virum
475 3183 586 3241 suum,
602 3160 654 3226 vel
670 3160 881 3225 Willelmum
903 3162 944 3225 de
968 3162 1138 3242 Buredon,
1154 3183 1271 3227 versus

114 3250 302 3316 Robertnm
318 3249 485 3336 Bataylle,
502 3250 544 3314 (16
558 3248 685 3333 6166116
701 3250 811 3327 terrae,
827 3250 892 3313 616.

391 3487 517 3552 Annae
540 3507 585 3551 66
608 3505 712 3549 arnas
735 3484 826 3549 Novr
850 3483 989 3549 Ossrar.

180 3637 284 3721 Hugo
298 3635 330 3701 16
346 3633 452 3713 Ρ6111,
468 3631 644 3696 Walterus
661 3630 758 3716 Geg',
775 3629 941 3695 Ricardus
957 3629 989 3695 le
1006 3630 1138 3710 Moner,
1152 3633 1267 3716 Agnes

114 3723 185 3788 11116
198 3720 370 3807 Ragonio,
386 3718 588 3805 Radulphus
603 3718 760 3797 Freman,
777 3717 934 3783 Godman
955 3716 1074 3800 King’,
1092 3719 1112 3781 J
1115 3718 1268 3784 ohannes

113 3810 248 3889 Lilkok,
272 3809 449 3874 Johannes
472 3804 686 3890 Wythelnrd,
710 3804 733 3868 J
735 3805 886 3869 ohannes
909 3803 940 3868 16
968 3804 1132 3888 Sauvage,
1156 3805 1268 3870 Adam

113 3897 263 3977 Wraste,
276 3897 431 3980 Rogerus
447 3894 488 3958 de
504 3893 681 3970 Gesemue,
691 3891 838 3955 Matillis
855 3890 925 3954 filia
940 3890 1061 3970 Ketil’,
1072 3890 1267 3956 Willelmns

112 3983 202 4049 filius
218 3982 343 4062 Ketel',
359 3982 514 4066 Rogerus
529 3979 669 4062 Edwyn'
686 3977 885 4043 summoniti
905 3977 1048 4042 fuerunt
1066 3977 1110 4041 61
1129 3999 1267 4062 respon-

113 4071 261 4135 dendum
276 4069 445 4154 Magistro
467 4065 660 4151 Hospitalis
686 4064 819 4130 Sanctae
844 4064 962 4130 Mariae
986 4064 1201 4149 Magdalenae
1225 4065 1267 4130 de

134 4158 237 4222 166116
259 4157 349 4243 qnod
363 4154 495 4220 faciant
510 4153 542 4218 ei
557 4155 650 4218 recta
674 4151 813 4216 servitia
839 4173 912 4236 quae
935 4151 1048 4216 facere
1074 4152 1200 4217 debent
1224 4153 1266 4216 16

111 4180 217 4310 iibere
233 4246 429 4310 tenemento
445 4262 515 4321 suo,
532 4240 622 4324 quod
637 4239 677 4305 de
694 4260 733 4303 eo
748 4241 880 4317 tenent,
896 4237 933 4300 in
950 4237 1029 4302 villa
1045 4237 1078 4301 N
1079 4238 1133 4302 ovi
1153 4237 1266 4303 Oastri

112 4352 212 4417 snper
245 4331 386 4417 Tyriam,
416 4332 457 4393 ut
492 4327 529 4391 in
566 4325 745 4411 homagiis,
776 4326 977 4404 redditibus,
1007 4324 1199 4409 arreragiis,
1230 4328 1266 4389 61

324 4492 332 4524 ¹
349 4488 589 4553 116616116611661
600 4487 716 4541 Erersrd
726 4488 772 4540 the
784 4485 960 4540 ’1661666116
971 4484 1056 4550 ryeis.
1075 4553 1094 4617 2

1030 4572 1050 4617 F
