2956 4988
245 443 360 488 sssmn
384 443 482 503 noun,
506 442 845 505 uonraurrsnanruu,
868 423 912 487 40
935 443 1018 487 nau.
1043 443 1097 487 111.
1209 422 1249 485 31

94 598 195 664 aunis
218 620 323 663 unam
348 618 498 662 maroam
523 596 575 661 vel
599 596 752 681 precium
778 595 881 660 unius
911 617 1043 675 marcae,
1071 595 1252 680 praedictus

97 687 195 752 Prior
209 687 342 750 detinet
358 684 389 749 ei
403 685 603 768 praedietum
626 683 799 750 redditum
822 704 1002 766 perunum
1018 704 1144 747 annum
1162 683 1253 746 unde

96 774 178 840 dicit
204 774 292 857 quod
319 772 557 850 deterioratus‚
579 774 632 835 est
658 771 844 854 dampnum
872 771 976 835 habet
999 772 1043 834 ad
1065 770 1251 834 valentiam

97 862 191 925 xxfis'
219 865 283 927 etc.

160 910 206 1011 Ei
230 947 330 1011 Prior
351 967 411 1029 per
432 948 630 1009 stornatum
655 966 753 1008 suum
777 944 871 1007 venit
893 946 929 1044 et
951 944 1108 1008 defendit
1126 945 1194 1044 vim
1218 949 1253 1008 et

97 1055 266 1204 iffi
286 1032 632 1204 restititsed&
650 1030 1253 1201 tradidisti{altili

98 1207 138 1271 de
154 1207 316 1292 praedicto
330 1205 466 1270 redditu
482 1205 699 1289 percipiendo
712 1227 772 1288 per
788 1226 927 1269 manum
949 1205 1101 1288 praedicti
1124 1204 1253 1268 Prioris

97 1294 149 1358 rel
171 1293 313 1378 alicujus
330 1293 610 1376 praedecessorum
629 1312 778 1371 suorum,
798 1295 833 1355 et
849 1291 889 1356 de
905 1292 970 1356 hoo
986 1313 1021 1357 se
1037 1293 1135 1375 ponit
1151 1312 1253 1375 super

98 1381 254 1464 patriam.
300 1381 347 1443 Et
369 1380 550 1464 praedictus
574 1379 742 1463 Magister
764 1378 933 1442 similiter.
980 1379 1063 1442 Ideo
1086 1380 1148 1443 fiat
1173 1378 1253 1444 inde

103 1468 221 1532 'urata

97 1490 110 1550 1
161 1553 184 1617 J
186 1558 339 1618 oratores
362 1554 403 1617 (16
427 1574 592 1619 consensu
611 1553 759 1636 partium
776 1552 875 1617 electi
892 1552 1011 1616 dicunt
1026 1573 1127 1636 super
1142 1572 1252 1616 sacra-

101 1645 252 1704 mentum
269 1662 368 1703 suurn
385 1640 472 1723 quod
488 1639 670 1723 praedictus
687 1639 785 1702 Prior
800 1644 835 1704 et
850 1640 1109 1722 praedecessores
1125 1639 1177 1702 sui
1193 1659 1254 1723 per

100 1727 244 1791 multum
259 1731 394 1810 tempus
410 1727 561 1811 quolibet
576 1746 666 1790 anno
679 1726 899 1792 reddiderunt
911 1726 1072 1810 proedicto
1083 1725 1253 1810 Magistro

100 1817 135 1877 et
148 1813 447 1898 praedecessoribus
464 1813 584 1877 suiset
600 1813 770 1896 praedictis
790 1813 956 1877 fratribus
978 1835 1082 1877 unam
1106 1833 1253 1876 maroam

99 1901 148 1966 vel
164 1900 314 1984 precium
331 1901 433 1964 unius
448 1922 581 1979 marcae,
597 1904 777 1984 postquam
794 1899 927 1964 Priores
944 1900 1086 1964 fuerunt
1101 1920 1254 1984 parsouae

98 1988 266 2071 pr-aedictae
282 1987 439 2067 ecclesiae,
461 1987 502 2051 de
524 1988 670 2071 quadum
692 1987 876 2053 elemosina
899 2008 1000 2070 quam
1017 1987 1151 2070 quidem
1167 1987 1252 2066 Rex,

100 2076 157 2157 qui
172 2073 269 2138 dedit
283 2075 518 2157 predecessori
533 2074 686 2158 praedicti
708 2074 836 2137 Prioris
859 2074 1054 2157 praedictam
1079 2072 1253 2137 ecclesiam

100 2161 139 2227 de
166 2161 361 2245 Bamburg',
389 2160 557 2225 concessit
582 2161 749 2225 fratribus
764 2161 918 2245 praedicti
939 2161 1130 2244 hospitalis,
1149 2180 1253 2243 usque

99 2248 168 2331 jam
186 2249 318 2312 duobus
334 2248 433 2312 anuis
448 2248 572 2331 elapsis
596 2248 684 2331 quod
707 2248 888 2331 praedictus
912 2248 1009 2311 Prior
1032 2248 1081 2312 eis
1104 2246 1255 2311 detinuit

99 2335 299 2419 praedictum
315 2356 466 2398 annuum
483 2334 663 2398 redditum.
710 2335 792 2400 Ideo
816 2334 1068 2399 consideratum
1088 2338 1140 2398 est
1165 2335 1254 2417 quod

99 2421 282 2506 praedictus
298 2421 396 2485 Prior
411 2426 446 2485 et
462 2440 670 2485 successores
687 2421 739 2484 sui
755 2422 910 2486 decetero
927 2422 1072 2485 reddant
1093 2421 1256 2505 praedicto

100 2509 270 2594 Magistro
285 2512 320 2574 et
336 2508 586 2573 successoribus
608 2513 642 2572 et
661 2508 831 2590 praedictis
854 2507 1031 2587 fratribus,
1055 2508 1254 2592 praedictum

101 2616 253 2659 annuum
283 2595 465 2674 redditum,
489 2599 524 2660 et
556 2593 773 2659 satisfaciant
802 2594 964 2678 praedicto
994 2596 1163 2680 Magistro
1193 2616 1255 2679 pro

100 2681 282 2766 arreragiis
297 2686 332 2745 ot
348 2680 504 2765 dampnis
525 2681 595 2745 suis
612 2681 652 2746 (16
666 2681 778 2745 tribus
794 2681 927 2746 marcis.
973 2683 1019 2745 Et
1040 2682 1111 2746 sint
1127 2682 1162 2744 in
1179 2682 1254 2746 mis'

100 2790 160 2853 pro
176 2768 306 2853 injusta
321 2768 528 2847 detentione,
544 2771 608 2831 etc.

166 2897 336 2962 Robertus
352 2896 393 2960 de
410 2895 543 2960 Hilton’
559 2896 658 2980 ponit
673 2897 746 2961 loco
762 2918 823 2961 suo
836 2897 1045 2963 Willelmum
1058 2898 1255 2983 Ketelberg'

102 2984 229 3049 versus¹
253 2982 464 3067 Phillippum
488 2983 648 3048 clericum
672 3005 789 3047 versus
813 2984 962 3048 Alanum
985 2985 1191 3050 Trenchsrd'
1215 2984 1257 3049 do

101 3071 226 3155 placito
242 3071 433 3134 wanantiae
449 3073 561 3149 oartae,
578 3073 642 3135 etc.

165 3199 336 3263 Robertus
363 3198 405 3261 (16
429 3197 502 3261 Ins'
526 3199 624 3281 pouit
650 3197 722 3262 loco
749 3219 810 3261 suo
833 3198 1036 3263 Michaelem
1060 3201 1101 3264 de
1125 3201 1257 3286 Bayflet

103 3285 426 3453 {xselttcicardum
452 3284 493 3391 de
520 3284 698 3349 Boteland’
723 3289 759 3351 et
783 3285 867 3350 alios
891 3285 926 3348 in
951 3287 1044 3351 brevi
1068 3288 1108 3351 de
1130 3288 1258 3372 placito

165 3500 334 3564 Ricardus
357 3499 398 3563 de
422 3496 605 3564 Srotevill'2
619 3499 718 3584 ponit
733 3499 807 3564 loeo
823 3521 884 3564 suo
900 3500 1020 3584 Elyam
1037 3502 1078 3565 de
1093 3502 1257 3567 Bratford

103 3609 218 3653 versus
233 3587 256 3651 J
258 3587 428 3651 ohannem
443 3587 484 3651 de
500 3587 660 3651 Boulton’
674 3587 715 3650 de
726 3586 853 3670 placito
864 3587 1055 3652 warrantiae
1068 3593 1179 3668 cartae,
1192 3595 1255 3654 etc.

165 3731 343 3796 Walterus
367 3732 408 3796 (16
433 3732 591 3812 Fenton',
620 3733 677 3815 qui
701 3733 784 3796 tulit
806 3734 906 3797 breve
929 3755 1044 3797 versus
1069 3734 1257 3799 Robertum

105 3818 213 3882 filium
228 3818 395 3882 Willelmi
411 3819 452 3882 de
469 3819 672 3883 Trokeland'
688 3819 729 3883 de
744 3819 871 3902 placito
893 3821 981 3902 quod
1005 3820 1119 3904 capiat
1141 3822 1257 3886 horna·

105 3905 198 3990 gium
213 3909 249 3969 et
263 3905 467 3970 rationabile
481 3906 643 3972 relevium
662 3927 761 3971 suum
784 3907 826 3970 de
848 3906 954 3972 libero
977 3911 1173 3972 tenemento
1197 3930 1258 3973 suo

104 3993 192 4076 quod
214 3992 256 4058 (16
279 4013 319 4057 6ο
341 3996 437 4056 tenet
453 3997 488 4056 et
503 3993 545 4056 de
560 4012 600 4056 eo
615 3996 732 4057 tenere
749 3993 873 4057 clamat
893 3994 930 4055 in
951 3995 1096 4073 lenton,
1113 3995 1258 4060 renitet

103 4078 248 4144 retraxit
264 4099 310 4143 se.
356 4078 439 4143 Ideo
462 4079 534 4163 ipse
557 4083 593 4143 et
607 4079 713 4164 plegii
730 4081 783 4143 sui
807 4080 848 4145 de
867 4083 1101 4164 prosequendo
1117 4081 1153 4144 in
1169 4081 1256 4161 mis',

103 4166 259 4316 631166ὺῶ
266 4165 293 4280 J,
291 4166 442 4231 ohannes
459 4166 499 4230 de
515 4166 672 4230 Newton'
689 4187 790 4251 super
806 4186 934 4230 moram
955 4171 991 4230 et
1007 4167 1199 4232 Willelmus
1216 4169 1257 4232 (16

146 4273 221 4316 wen
259 4272 305 4315 n.

221 4419 502 4473 ¹Amistakofcrvol.
870 4419 1057 4474 2Scrutorillo.
