2956 4988
367 477 481 522 assisa
505 476 601 537 noan,
625 477 963 540 ronanunannaauu,
989 458 1007 524 7
1031 480 1117 525 new.
1142 481 1166 524 1.
1282 457 1346 523 275

193 633 385 698 Willelmua
400 630 521 698 Rudde
536 635 572 697 et
587 631 769 718 cristiana,
786 654 879 698 soror
893 636 976 719 ejas,
993 633 1050 718 qui
1065 638 1247 718 praesentes
1263 635 1343 699 sunt

193 726 228 788 et
243 723 454 805 cognoscunt
469 740 504 783 se
520 739 592 784 esse
608 719 752 785 villanos
767 721 874 805 ipsius
890 720 1075 805 Radulphi,
1091 724 1155 786 etc.

259 809 305 871 Et
320 808 467 871 Thomas
483 806 577 871 veuit
588 810 623 873 et
639 807 947 875 deffenditomnem
963 807 1184 892 neptitatem,
1194 811 1341 893 quando,

193 899 270 973 etc,
298 899 332 960 et
362 894 447 958 dicit
473 894 561 977 quod
584 913 653 957 non
676 895 777 959 debet
800 895 963 980 praedicto
988 895 1170 979 Radulpho
1196 896 1275 962 inde
1298 898 1343 962 ad

192 986 330 1062 sectam,
355 1002 456 1065 quam
479 981 647 1065 producit,
672 983 902 1066 resspondere,
929 982 1117 1048 cumidem
1141 983 1343 1085 Radulphus

192 1071 357 1154 producat
387 1089 493 1131 unum
519 1068 704 1133 masculum
730 1073 766 1134 et
796 1069 880 1134 duaa
907 1069 1076 1148 mulieres,
1108 1091 1180 1153 quae
1204 1071 1342 1154 quidem

191 1156 348 1222 mulieres
364 1176 433 1219 non
449 1154 575 1220 debent
589 1155 626 1218 in
641 1157 743 1241 hujus
759 1160 851 1221 secta
874 1156 1022 1237 admitti,
1040 1177 1116 1221 cum
1133 1157 1204 1220 sint
1218 1157 1340 1243 fragil-

191 1243 273 1307 ioris
283 1248 414 1308 naturae
429 1263 531 1327 quam
547 1243 701 1323 masculi,
712 1244 801 1310 unde
811 1244 944 1309 desicut
953 1242 1026 1329 ipse
1038 1244 1195 1328 producit
1204 1248 1342 1309 tantum

191 1352 298 1394 unum
313 1330 500 1395 masculum
518 1333 554 1394 et
574 1329 753 1415 predictas
773 1330 942 1410 mulieres,
962 1330 1085 1414 quaein
1106 1330 1234 1415 placito
1256 1353 1338 1417 nay-

191 1417 309 1482 vitatis
336 1417 394 1482 ubi
419 1416 587 1482 masculus
611 1418 742 1502 petitur
765 1440 834 1483 non
859 1421 940 1482 sunt
966 1418 1003 1481 in
1018 1417 1215 1502 hujusmodi
1239 1418 1342 1485 sectis

191 1505 421 1583 admittenda,
437 1504 525 1589 petit
534 1505 702 1590 judicium
717 1505 747 1569 si
762 1505 805 1569 ad
817 1505 1013 1590 praedictam
1029 1508 1157 1571 sectam
1173 1505 1295 1572 debeat
1309 1507 1342 1571 ei

191 1592 270 1656 inde
285 1593 497 1675 respondere.
543 1592 589 1655 Et
612 1591 641 1656 si
659 1591 755 1657 cuna
769 1594 837 1657 ista
855 1590 1047 1658 considerat
1062 1593 1151 1676 quod
1167 1596 1260 1658 secta
1281 1593 1340 1659 illa

191 1679 237 1744 sit
253 1679 421 1743 sufficiens
437 1679 527 1744 dicet
540 1678 642 1743 aliud,
688 1679 812 1745 Postea.
827 1680 863 1741 in
875 1679 1013 1745 Octubis
1028 1681 1145 1744 Sancti
1162 1680 1340 1745 Michaelis

190 1766 280 1850 apud
296 1767 483 1830 Eboracum
508 1766 601 1830 venit
619 1767 798 1850 pradictus
817 1767 1029 1851 Radulphus,
1051 1789 1112 1851 per
1127 1770 1340 1832 attornatum

190 1875 300 1932 suum,
316 1858 350 1919 et
366 1854 523 1920 similiter
545 1853 726 1937 praedictus
741 1854 888 1918 Thomas
909 1859 945 1918 et
968 1853 1139 1918 instanter
1153 1858 1189 1920 et
1202 1854 1341 1938 praecise

190 1944 313 2025 petunt
324 1941 491 2025 judicium
507 1962 616 2004 suum.
663 1941 708 2004 Et
726 1940 806 2025 quia
829 1941 1009 2025 praedictus
1035 1941 1236 2026 Radulphus
1253 1941 1340 2006 facit

191 2048 225 2092 ae
241 2027 495 2112 responsibilem
512 2028 554 2091 ad
571 2027 669 2091 breve
685 2048 782 2091 suum
794 2032 829 2092 et
839 2027 1079 2107 narrationem,
1096 2048 1164 2091 non
1181 2029 1341 2112 produxit

191 2120 328 2193 sectam,
345 2114 413 2178 nisi
428 2116 469 2179 de
485 2135 553 2178 uno
570 2114 718 2179 masculo
733 2119 869 2179 tantum
881 2119 916 2181 et
926 2115 967 2181 de
982 2115 1113 2179 duabus
1130 2114 1338 2194 mulieribus,

190 2223 263 2285 qnae
285 2202 419 2285 quidem
448 2201 606 2266 mulieres
626 2201 661 2264 in
678 2201 878 2285 probatione
903 2202 946 2266 ob
970 2223 1085 2267 earum
1100 2201 1339 2287 fragilitatem,

190 2298 225 2353 et
241 2289 398 2354 similiter
414 2309 453 2353 eo
469 2289 558 2373 quod
582 2288 751 2354 masculus
770 2288 911 2374 petitur,
932 2288 991 2373 qui
1016 2288 1177 2373 dingnior
1196 2310 1341 2373 persona

189 2381 242 2442 est
262 2376 415 2461 personis
431 2375 620 2455 mulierum,
645 2396 714 2439 non
732 2379 814 2440 sunt
840 2375 1068 2455 admittendae,
1090 2376 1340 2442 consideratum

189 2466 242 2527 est
267 2464 356 2546 quod
382 2463 563 2549 praedictus
587 2463 735 2528 Thomas
751 2466 787 2527 et
808 2462 948 2528 heredes
964 2463 1018 2527 sui
1038 2463 1113 2527 iant
1137 2463 1217 2528 inde
1232 2463 1341 2547 quieti

189 2554 224 2613 et
239 2549 336 2614 liberi
349 2551 390 2616 de
402 2549 562 2634 praedicto
571 2549 753 2636 Radulpho
763 2554 799 2615 et
808 2550 987 2615 heredibus
998 2551 1068 2614 suis
1078 2551 1114 2613 in
1125 2554 1338 2635 perpetuum,

189 2641 224 2703 et
239 2637 439 2723 Radulphus
455 2638 491 2700 in
507 2638 593 2717 mis’‚
609 2642 674 2703 etc.

254 2725 335 2790 Dies
352 2725 452 2790 datus
468 2730 521 2789 est
533 2725 582 2789 eis
594 2725 635 2790 de
650 2724 779 2808 judicio
789 2724 907 2790 audire
923 2748 945 2791 a
959 2724 1014 2789 die
1024 2724 1164 2789 Pascha
1179 2725 1215 2788 in
1231 2746 1339 2788 unum

188 2832 338 2877 mensem
358 2813 447 2896 apud
469 2811 614 2897 Appelbi
633 2812 669 2874 in
686 2814 851 2892 comitatu
870 2811 1183 2892 Westmerlandiae3
1207 2814 1341 2896 ponunt

188 2898 261 2963 loco
277 2920 338 2964 suo
355 2900 544 2964 Henricum
559 2900 600 2963 de
616 2899 784 2963 Westwik
795 2899 844 2964 vel
862 2900 1071 2964 Willelmum
1089 2899 1206 2983 Pycot.

253 3104 581 3187 Ebor'i-Robertua
600 3103 641 3168 de
660 3103 850 3188 Wartwylr,
871 3102 930 3186 qui
948 3101 1031 3166 tulit
1047 3101 1145 3168 breve
1165 3101 1206 3166 de
1226 3101 1339 3167 torma

188 3191 382 3257 donationis
398 3211 513 3255 versus
529 3189 738 3256 Willelmum
749 3191 790 3254 de
800 3190 945 3254 Fenton'
961 3195 996 3254 et
1011 3188 1184 3267 ceciliam,
1199 3208 1339 3254 uxorem

188 3279 274 3361 ejus,
292 3279 463 3343 Andream
477 3278 519 3342 de
534 3277 641 3342 Bosco
656 3281 692 3342 et
707 3277 899 3356 Isabellam,
919 3297 1056 3342 uxorem
1071 3277 1155 3360 ejus,
1171 3275 1283 3339 David
1296 3275 1338 3341 de

188 3365 338 3430 Graham
353 3371 388 3430 et
404 3364 606 3443 Marianam,
618 3386 754 3428 uxorem
771 3366 854 3448 ejus,
867 3364 909 3427 de
921 3362 1072 3427 manerio
1082 3363 1124 3427 de
1135 3361 1337 3447 Ulvington'

188 3474 263 3517 cum
279 3451 509 3537 pertinentiis,
525 3450 628 3537 petiit
652 3451 825 3516 licentiam
840 3450 1020 3516 recedendi
1043 3451 1085 3515 de
1105 3449 1197 3514 brevi
1213 3470 1285 3531 suo,
1302 3452 1338 3515 et

187 3540 324 3619 habeat,
340 3544 405 3605 etc.

251 3744 595 3810 Cumbr’.-Isabella
606 3743 648 3810 de
659 3743 1019 3824 Fortibus‚(lomitissa
1031 3742 1125 3807 Albae
1136 3742 1265 3821 Mariae,
1275 3765 1335 3829 per

186 3836 398 3898 attornatum
430 3854 540 3911 suum,
571 3831 698 3915 optulit
729 3852 764 3896 se
793 3830 871 3915 iiija
901 3830 955 3896 die
985 3850 1098 3895 versus
1129 3829 1334 3911 Galfridum,

185 3920 472 3985 archidiaconum
488 3919 732 3997 Richmundiaa,
752 3919 793 3983 de
809 3917 935 4003 placito
959 3937 1061 4001 quare
1078 3937 1154 3980 cum
1170 3917 1243 4001 ipsa
1258 3917 1333 3981 Isa-

187 4007 274 4072 bella
303 4008 339 4070 in
367 4006 461 4071 curia
490 4005 619 4070 domini
649 4005 753 4090 Regis
784 4026 895 4070 coram
923 4003 1122 4089 justiciariis
1150 4004 1221 4068 suis
1244 4006 1336 4091 apud

188 4093 529 4159 westmonasterium
565 4113 626 4178 per
661 4092 827 4177 judicium
866 4093 965 4157 curiae
995 4113 1063 4156 suae
1101 4099 1333 4175 recuperasset

185 4181 479 4266 praesentationem
510 4201 606 4246 suam
637 4201 750 4244 versus
780 4180 967 4244 Robertum
996 4178 1037 4244 de
1067 4177 1268 4263 Yanewyth’
1296 4186 1332 4244 et

185 4269 340 4346 alliciam,
356 4288 493 4332 uxorem
510 4268 593 4352 ejus,
609 4271 645 4332 et
661 4265 849 4333 Gilbertum
875 4265 916 4330 de
943 4264 1081 4329 Hotwil’
1098 4265 1141 4328 ad
1156 4265 1331 4331 ecclesiam

185 4357 225 4423 de
241 4356 415 4441 Brigham‚
431 4376 492 4440 per
507 4355 597 4439 quod
612 4354 721 4419 eidem
744 4353 994 4418 Archidiacono
1011 4353 1166 4417 dominus
1182 4353 1256 4418 Rex
1271 4374 1332 4438 per

184 4443 283 4510 breve
308 4464 407 4511 auum
432 4441 608 4509 mandavit
634 4440 676 4506 de
704 4440 833 4528 judicio
852 4441 943 4524 quod
969 4439 1013 4505 ad
1036 4441 1331 4592 praesentptionem

1144 4547 1164 4592 r
