2956 4988
280 423 395 467 sssrzn
418 424 515 484 6666,
539 424 878 482 66666666661166,
900 408 944 471 40
967 428 1050 472 666.
1078 428 1135 473 111.
1247 406 1289 472 69

132 573 251 661 [unde]
271 576 456 642 vicecomes
470 579 683 663 respondeat.
739 581 784 646 Et
799 581 888 666 xijcim
903 580 1075 666 juratores
1094 581 1183 647 falso
1205 603 1289 667 666-

128 665 268 727 sentant
283 663 507 745 inventorem,
523 664 600 731 ideo
615 667 651 731 in
668 667 755 732 mis'.

192 799 369 868 Juratores
401 807 612 888 praesentant
644 805 733 889 6661
763 805 931 871 Ricardus
953 802 1044 871 tilius
1068 803 1219 870 Galiridi
1243 805 1285 870 16

127 886 294 968 Allemne,
325 890 478 976 Rogemus
508 891 550 956 de
577 891 820 977 Goldingham,
845 898 879 958 et
905 891 1062 976 Rogerus
1089 891 1177 956 filius
1204 891 1286 958 Gal-

126 974 210 1039 11111
246 976 388 1043 fuerunt
421 978 457 1042 in
490 978 636 1063 quodam
665 979 803 1060 batello,
833 978 871 1043 in
907 983 1011 1064 portu
1044 979 1087 1044 16
1118 978 1282 1061 Allemne,

126 1067 268 1128 onerato
304 1067 413 1148 petra,
445 1065 497 1129 ita
533 1067 623 1150 6661
660 1087 792 1131 caream
830 1065 923 1130 illius
960 1069 1066 1150 petrae
1098 1066 1284 1131 submersit

125 1150 307 1232 praedictus
322 1151 468 1216 batellns
483 1153 565 1237 (vic).
613 1153 659 1218 Elt
674 1153 825 1238 pmdicti
841 1152 1009 1218 Ricardus
1024 1157 1060 1218 et
1074 1153 1230 1238 Rogems
1241 1154 1284 1218 de

127 1235 356 1323 Goldingham
373 1238 531 1304 similiter
546 1239 823 1306 submerserunt.¹
869 1240 916 1304 Et
930 1240 1111 1324 pradictus
1127 1240 1282 1322 Rogems

126 1322 214 1388 filius
230 1324 379 1390 Galtridi
393 1325 450 1391 vix
465 1327 583 1392 evasit.
629 1327 675 1391 Et
696 1327 827 1412 primus
850 1348 907 1393 666
930 1326 1063 1392 invenit
1079 1327 1282 1407 submersos,

126 1411 184 1494 qni
199 1410 293 1476 venit
308 1416 344 1479 et
364 1435 433 1480 non
458 1413 707 1495 malecreditur,
723 1435 785 1480 nec
809 1414 932 1499 aliquis
947 1413 1047 1479 alius.
1093 1415 1113 1477 J
1116 1413 1280 1494 odicium,

125 1496 365 1565 infortunium.
421 1500 575 1566 Precium
600 1501 718 1566 batelli
748 1500 799 1586 iiij
815 1504 854 1584 ε’,
877 1501 1028 1586 precium
1054 1504 1160 1585 petrae
1186 1501 1280 1585 vjd',

124 1585 215 1650 6616
230 1586 413 1652 vicecomes
432 1588 645 1673 respondeat.
692 1589 739 1652 Et
762 1588 854 1674 xijvim
869 1588 1041 1674 juratores
1066 1608 1135 1652 non
1159 1609 1281 1673 appre-

125 1672 301 1739 ciaverunt
315 1674 490 1756 batellum,
508 1675 584 1740 ideo
598 1676 635 1739 16
650 1675 738 1741 mis'.

188 1811 211 1875 J
212 1815 365 1877 oratores
380 1817 590 1897 6666661661
606 1814 697 1899 6661
713 1814 866 1898 quaednm
881 1813 988 1893 navis,
1001 1812 1038 1876 in
1055 1833 1122 1897 qun
1136 1812 1280 1877 fnenmt

122 1898 202 1984 xxvj
234 1899 400 1981 homines,
423 1923 491 1985 prae
523 1904 729 1987 tempestate
764 1900 802 1963 in
836 1900 923 1964 mari
960 1901 1141 1979 existente,
1172 1898 1281 1964 voluit

123 2006 242 2069 capere
271 1991 408 2072 portum
446 1988 488 2053 16
517 1990 695 2068 Alnemue,
727 2010 790 2054 nec
827 1987 954 2072 potuit,
985 1988 1036 2052 ita
1068 1987 1158 2071 qnod
1187 1986 1279 2072 nij⁰¹¹'l

121 2073 276 2140 homines
298 2077 340 2141 de
363 2075 500 2156 eisdem,
515 2098 577 2161 per
598 2078 849 2159 tempestatem,
866 2074 1061 2141 ceciderunt
1083 2072 1125 2137 de
1147 2072 1227 2137 navi
1241 2073 1277 2136 et

120 2160 386 2243 submerservmt,
416 2169 451 2229 61
488 2184 604 2229 omnes
640 2162 701 2227 alii
738 2165 927 2229 evaserunt.
995 2160 1156 2240 Mariota,
1190 2178 1276 2225 uxor

118 2246 141 2312 J
142 2248 272 2330 ordani,
287 2253 322 2314 61
338 2251 489 2336 Angues,
505 2272 590 2316 uxor
605 2249 763 2330 Gilberti,
773 2248 889 2334 primae
904 2248 1121 2327 inventrices,
1133 2246 1277 2311 veniunt

117 2341 151 2401 et
174 2357 244 2401 non
265 2338 550 2418 malecreduntur,
577 2358 640 2402 nec
666 2336 789 2421 aliquis
816 2336 914 2401 alius.
959 2334 1145 2414 Jndicium,
1169 2333 1277 2398 infor·

115 2423 262 2490 tunium.
308 2425 465 2491 Precium
481 2425 577 2490 navis
593 2424 627 2489 xl
638 2425 675 2505 s',
690 2423 782 2491 unde
797 2424 980 2489 vicecomes
995 2422 1209 2506 respondeat.

30 2626 34 2632 .
178 2560 230 2626 Ι)6
252 2561 341 2626 vinis
363 2561 510 2627 venditis
537 2564 658 2627 contra
679 2560 833 2638 assisam,
850 2558 970 2624 dicunt
994 2558 1084 2643 qnod
1107 2557 1274 2622 Ricardus

113 2646 156 2711 16
182 2649 364 2735 Bomburg’
394 2655 430 2715 61
454 2648 630 2715 Walterus
661 2648 762 2712 Stute
789 2647 830 2714 16
856 2646 1023 2711 Alnemne
1049 2644 1276 2711 vendiderunt

110 2733 228 2800 vinum
242 2741 362 2802 contra
376 2737 529 2818 assisam,
545 2736 623 2801 ideo
637 2735 675 2799 in
689 2734 777 2800 mis’.

176 2874 229 2943 De
243 2880 365 2942 werco²
379 2877 493 2957 maris,
509 2875 629 2941 dicunt
652 2875 742 2960 6661
765 2872 918 2959 quaedam
941 2871 1032 2936 cista
1046 2869 1189 2935 inventa
1203 2869 1274 2936 1611

111 2982 212 3046 super
234 2967 363 3029 costam
384 2964 488 3029 maris
509 2962 552 3029 (16
567 2963 744 3039 61166666,
759 2961 796 3024 16
824 2981 890 3044 qua
916 2957 1180 3025 inveniebantur
1202 2958 1270 3022 166

110 3048 217 3133 gladii
232 3054 268 3115 et
283 3051 436 3135 quaedam
451 3050 549 3136 66616
562 3049 679 3136 panni.
724 3047 883 3114 Precium
898 3045 1006 3131 66661
1022 3049 1058 3111 61
1077 3044 1272 3130 gladiorum

110 3136 135 3220 ij
145 3137 201 3217 m’,
217 3136 308 3204 unde
323 3137 507 3204 vicecomes
523 3137 738 3223 respondeat.

173 3276 345 3342 Robertus
374 3277 417 3342 16
440 3277 602 3343 Weluore
631 3275 757 3341 levavit
781 3270 956 3338 hntesium
980 3288 1081 3354 super
1104 3269 1270 3353 quosdam

111 3361 248 3430 Hutard
274 3364 315 3430 16
335 3364 503 3431 Alnemue
525 3369 560 3430 61
586 3361 816 3447 Reginaldnm
831 3358 873 3425 16
898 3356 1130 3437 Butlesttone,
1147 3359 1183 3421 61
1204 3356 1268 3420 im·

110 3450 224 3533 posuit
250 3450 299 3515 616
322 3451 413 3536 6661
434 3451 640 3537 frangerunt
662 3447 843 3535 grangiam
867 3466 973 3510 suam.
1020 3443 1066 3507 Et
1088 3442 1270 3527 praedictus

109 3537 279 3603 Robertus
302 3538 402 3603 modo
417 3538 522 3618 venit,
538 3541 574 3604 et
595 3536 780 3621 requisitus
804 3532 834 3598 si
848 3532 931 3597 velit
954 3530 1050 3615 sequi
1065 3550 1181 3595 versus
1197 3550 1266 3609 eos,

110 3623 193 3689 dicit
210 3625 298 3709 qnod
314 3646 394 3705 666,
411 3625 491 3710 6616
506 3625 591 3690 11611
607 3622 697 3708 6661
711 3644 781 3687 666
795 3618 992 3685 malcoredit
1008 3637 1075 3716 666,
1091 3616 1169 3716 1166
1190 3636 1266 3717 666-

108 3711 263 3776 todiatur
277 3732 338 3797 pro
352 3713 633 3798 transgressione.
671 3711 718 3775 Et
733 3710 903 3794 juratores
920 3703 1079 3804 requisitu
1091 3724 1120 3767 s1
1136 3702 1268 3768 fuermt

107 3796 187 3865 inde
201 3799 395 3884 culpabiles,
412 3799 533 3864 dicunt
548 3799 638 3884 quod
653 3819 732 3862 non.
778 3794 861 3859 Ideo
878 3792 958 3856 inde
975 3790 1093 3892 qpi‘ih:
1140 3789 1266 3856 Postea

106 3886 201 3950 venit
215 3886 394 3970 praedictus
417 3886 588 3952 Robertus
611 3889 647 3950 et
670 3886 773 3949 finem
794 3880 880 3947 fecit
894 3900 956 3965 pro
971 3877 1179 3957 drmrdram',
1205 3897 1267 3961 per

107 3971 260 4058 plegium
274 3972 441 4038 Willelmi
457 3973 499 4039 de
515 3971 702 4040 Welloure.

172 4110 195 4176 J
199 4113 348 4177 uiatores
371 4114 582 4194 presentant
605 4109 694 4195 qnod
718 4110 869 4192 Angues,
889 4124 976 4169 uxor
1001 4099 1160 4166 Nicholai
1186 4097 1268 4163 (lar-

104 4199 249 4282 pentar',
265 4198 467 4264 ebbuliendo
489 4198 629 4285 plenum
651 4196 828 4281 plumbum
853 4193 895 4259 de
920 4188 1062 4269 bertisa,
1079 4185 1204 4252 cecidit
1227 4187 1265 4250 16

140 4362 218 4418 ldie.
251 4362 581 4433 saulmrymomo.
710 4348 1268 4416 'Siclormcoomrinvreokolthem
