2956 4988
329 472 443 517 1661111
466 473 564 535 noun,
587 473 927 533 nosrnuusnamun,
953 452 971 518 7
994 473 1082 519 now.
1106 474 1129 520 1.
1242 449 1304 515 227

154 624 410 692 dissaisiverunt
424 626 611 698 Robertum
627 629 755 695 Jordan
771 630 813 695 (16
829 649 1009 696 commune
1022 631 1170 713 pasturae
1185 647 1253 692 suae
1267 626 1305 690 in

155 711 372 795 cressewell’,
388 736 461 798 quae
483 717 634 800 pertinet
658 718 702 782 6(1
726 716 869 782 liberum
889 720 1123 782 tenementum
1144 736 1243 780 suum
1266 713 1305 777 in

155 799 344 886 Ellington,
360 807 438 885 post
452 802 607 886 primam,
623 806 688 869 eto.
734 804 779 870 Et
789 803 1042 889 unde-queritur
1053 803 1142 887 quod
1158 801 1306 867 disseisi-

155 891 276 953 verunt
301 910 377 954 eum
409 889 451 953 de
481 909 660 956 communa
684 895 832 977 pasturae
859 913 927 957 suae
953 891 989 955 in
1017 890 1196 975 sexaginta
1218 888 1305 954 acris

156 993 257 1039 morae
280 980 316 1041 et
341 979 487 1060 pastura
501 977 560 1042 ubi
579 978 827 1043 communicare
845 978 975 1044 solebat
1001 999 1077 1042 oum
1102 975 1305 1042 omnimodis

157 1061 278 1127 averiis
293 1063 364 1127 suis
378 1085 439 1147 per
452 1068 565 1129 totum
581 1087 718 1144 annum,
734 1069 769 1131 et
785 1066 826 1130 de
839 1086 1012 1131 commune
1031 1069 1178 1149 pasturae
1191 1063 1305 1129 suain

156 1150 336 1214 trescentis
359 1150 446 1214 auris
467 1155 564 1216 terrae
587 1153 725 1218 arabilis
744 1153 804 1218 ubi
819 1153 1068 1218 communicare
1083 1151 1213 1216 solebat
1229 1168 1321 1215 cum·

157 1236 359 1301 omnimodis
376 1238 496 1303 averiis
515 1239 595 1316 suis,
612 1242 763 1324 tempore
779 1245 896 1325 aperto
908 1243 985 1324 post
1002 1239 1102 1304 blada
1117 1241 1303 1323 asportata.

223 1323 267 1387 Et
299 1323 415 1388 Simon
445 1325 594 1405 Fresell’,
624 1327 793 1393 Robertus
824 1328 865 1391 de
899 1327 983 1406 Rue,
1011 1333 1046 1391 et
1076 1326 1244 1391 Robertus
1273 1324 1306 1388 le

159 1409 320 1494 Serjaunt
330 1411 473 1476 veniunt
488 1416 523 1476 et
535 1413 655 1478 dieunt
671 1415 759 1498 quod
774 1414 926 1499 praedicti
935 1413 1120 1493 Walterus,
1130 1413 1153 1478 J
1154 1413 1305 1477 ohannes

158 1500 194 1561 et
213 1497 333 1579 Alicia,
354 1501 389 1563 et
411 1499 580 1565 Robertus
604 1501 733 1585 injuste
755 1501 910 1565 tulerunt
936 1500 1061 1565 assises
1088 1499 1172 1564 istas
1190 1520 1305 1564 versus

100 1647 102 1650 Α
158 1604 226 1663 eos,
243 1585 323 1668 quia
345 1584 464 1650 dicunt
479 1587 568 1670 quod
591 1587 656 1672 ipsi
671 1587 777 1653 nichil
801 1587 949 1653 clamant
963 1588 1000 1651 in
1022 1586 1192 1672 praediotis
1216 1607 1305 1651 eom-

160 1673 272 1735 munis
295 1692 356 1737 neo
379 1672 526 1756 aliquam
542 1673 590 1738 eis
615 1674 694 1738 inde
708 1675 865 1740 fecerimt
888 1673 1051 1759 injuriam
1075 1674 1144 1740 sive
1160 1673 1307 1739 disseisi-

161 1779 252 1838 uam,
279 1763 315 1823 et
351 1759 415 1824 hoo
444 1764 568 1845 petunt
605 1762 694 1845 quod
730 1762 923 1845 inquiratur
958 1784 1019 1846 per
1048 1760 1200 1826 assisam.
1260 1761 1307 1824 Et

160 1845 314 1930 Rogerus
346 1846 435 1910 filius
474 1847 619 1913 Simonis
649 1869 718 1913 non
748 1849 852 1929 venit,
885 1853 936 1915 set
972 1849 1152 1933 pradictus
1191 1847 1307 1911 Simon
1370 1896 1373 1899 ,

161 1932 315 1998 llbessell’
339 1935 521 2018 respondet
543 1955 604 2019 pro
628 1956 677 2015 eo,
694 1939 868 2019 tamquam
888 1935 1031 2001 ballivus
1056 1957 1147 2015 suus,
1165 1938 1200 1999 et
1224 1934 1309 1999 dicit

161 2021 251 2103 quod
268 2020 404 2104 quidam
426 2020 553 2102 Simon,
569 2026 667 2107 pater
684 2023 838 2107 praedicti
856 2023 992 2107 Rogeri,
1009 2022 1094 2087 obiit
1110 2022 1246 2087 seisitus
1267 2021 1308 2086 de

161 2105 331 2191 praedietis
353 2109 539 2172 communis
558 2113 598 2172 ut
617 2109 659 2173 de
676 2109 777 2174 feodo
800 2110 835 2173 in
861 2130 922 2174 suo
943 2109 1097 2194 separali,
1113 2108 1204 2172 unde
1225 2107 1308 2173 dioit

162 2194 295 2277 quodsi
319 2194 432 2278 aliqua
447 2195 624 2261 disseisina
645 2195 834 2274 1661611111,
851 2197 914 2262 hoo
937 2197 1007 2260 fuit
1027 2218 1088 2281 per
1111 2195 1308 2281 praediotum

164 2280 336 2345 Simonem
359 2286 393 2346 et
415 2302 483 2346 non
510 2303 571 2366 per
591 2283 702 2368 ipsum
724 2284 905 2369 Rogerum.
951 2284 997 2347 Et
1015 2284 1056 2348 de
1075 2285 1138 2348 hoo
1160 2281 1258 2368 ponit
1274 2303 1309 2347 se

163 2389 264 2453 super
296 2369 449 2433 assisam.
505 2370 692 2449 Juratores‚
728 2372 838 2454 quoad
876 2391 991 2436 omnes
1029 2371 1163 2451 assisas,
1190 2370 1310 2434 dieunt

162 2457 1309 2611 ttttttttttttlutettttftltrtttss‘tttfft’

162 2593 355 2694 walterum
381 2635 416 2694 et
432 2630 587 2710 illiciam,
603 2635 639 2696 et
659 2632 844 2697 Robertum
861 2568 1096 2717 deppraedictis
1112 2592 1311 2710 eommunis:

163 2716 1311 2871 111111111116111111611166(

164 2896 199 2955 et
221 2890 340 2970 Alioia,
357 2894 392 2955 et
415 2891 584 2957 Robertus
607 2828 805 2978 rbouperllnt
830 2893 990 2958 seisinam
1012 2856 1111 2958 suam
1127 2893 1308 2976 separatim

164 2979 354 3063 pervisum
385 2980 645 3064 recognitorum.
703 2982 749 3045 Et
779 2980 905 3059 Simon,
933 2981 1097 3065 Rogerus,
1125 2983 1160 3046 et
1186 2979 1244 3042 alii
1274 2979 1311 3042 in

164 3065 251 3129 mis’.
311 3066 437 3130 Postea
466 3067 558 3130 venit
593 3069 773 3152 praediotus
805 3067 921 3131 Simon
961 3067 1106 3145 Fresell’,
1137 3072 1172 3132 et
1209 3065 1311 3132 offert

164 3153 300 3217 domino
324 3153 412 3238 Regi
436 3175 479 3217 xx
488 3154 514 3215 s'
537 3176 598 3238 pro
616 3154 767 3218 habenda
787 3153 902 3238 jurata
918 3154 1012 3238 xxiiij
1041 3154 1084 3218 ad
1109 3153 1310 3219 convincen-

164 3239 243 3303 dum
260 3241 308 3325 xij
325 3240 494 3324 juratores
510 3241 659 3325 praefatae
674 3241 797 3306 assisae.
836 3242 881 3305 Et
893 3242 1076 3325 recipiatur
1090 3262 1150 3326 per
1160 3240 1309 3325 plegium

166 3326 327 3392 Willelmi
344 3327 494 3412 Heyrun,
512 3334 575 3393 eto.

230 3415 387 3500 Dampna
411 3415 449 3499 iij
461 3415 486 3476 s’
512 3419 620 3499 capta.
667 3416 792 3479 Postea
820 3415 1001 3499 praediotus
1029 3415 1144 3479 Simon
1165 3414 1258 3478 venit
1277 3419 1311 3480 et

163 3504 306 3567 retraxit
322 3522 357 3565 se
373 3502 413 3567 (16
428 3503 543 3586 jurata
558 3502 627 3582 illa,
645 3505 680 3566 et
695 3501 771 3567 ideo
786 3503 1036 3566 consideratum
1052 3502 1205 3586 estquod
1226 3523 1309 3586 prae-

164 3588 275 3653 1161116
302 3589 419 3652 Simon
444 3589 656 3653 custodiatur
681 3595 716 3654 et
741 3589 845 3674 plegii
869 3589 921 3653 sui
947 3590 989 3655 (16
1015 3589 1247 3673 prosequendo
1273 3588 1309 3651 in

163 3675 249 3739 mis'.
310 3675 356 3738 Et
381 3675 561 3760 praedictus
589 3677 705 3740 Simon
734 3680 853 3762 postea
879 3676 963 3741 t'eoit
989 3676 1091 3742 finem
1121 3695 1182 3760 pro
1212 3696 1247 3739 se
1275 3679 1310 3739 et

162 3763 283 3848 plegiis
300 3760 370 3826 suis
386 3783 446 3845 per
461 3783 563 3826 unam
578 3764 621 3826 (η’
638 3768 672 3827 61
687 3764 860 3848 recipitur.

227 3885 355 3950 Alanus
385 3882 474 3947 filius
505 3884 586 3947 Adae
616 3884 656 3950 de
688 3884 823 3968 Snyterl
854 3884 941 3967 petit
971 3905 1084 3949 versus
1115 3882 1309 3948 Galfridum

164 3973 270 4036 filium
294 3970 396 4035 Alani
416 3970 458 4034 (16
482 3970 631 4055 Snyttre,
660 3971 775 4034 decem
793 3992 888 4035 acras
916 3975 1012 4036 terrae
1039 3990 1114 4035 oum
1138 3970 1308 4054 pertinen-

164 4058 222 4121 tiis
252 4059 287 4120 in
324 4058 472 4141 Snyttre‚
499 4062 534 4121 et
563 4079 676 4122 versus
706 4058 897 4122 Walterum
925 4057 1057 4122 Goblan
1087 4061 1122 4121 et
1152 4056 1308 4137 Alioiam,

164 4165 300 4208 uxorem
323 4146 405 4227 ejus,
426 4143 574 4226 quinque
600 4165 695 4208 66166
713 4150 811 4210 terrae
831 4166 906 4209 oum
934 4143 1161 4229 pertinentiis,
1186 4147 1226 4206 ut
1251 4145 1308 4228 jus

164 4254 261 4298 suum
287 4251 347 4316 per
373 4231 471 4295 breve
498 4230 539 4296 de
566 4232 733 4313 ingressu,
761 4235 825 4297 eto.
870 4233 916 4296 Et
943 4230 1096 4316 praedioti
1120 4229 1307 4310 Galfridus‚

163 4319 335 4385 Walterus
359 4321 395 4383 et
416 4317 525 4382 Alieia
544 4317 687 4384 veniunt
713 4323 748 4384 et
772 4320 891 4384 dieunt
916 4319 1004 4402 quod
1028 4318 1190 4402 praedieta
1213 4319 1308 4382 tene-

252 4473 260 4504 ¹
278 4473 376 4525 Snitter
387 4473 415 4526 in
428 4472 567 4541 Rotbbnry
578 4472 674 4539 panuh,
685 4490 700 4524 a
712 4475 825 4527 member
836 4473 863 4524 ol
873 4471 918 4525 the
930 4471 1034 4537 Berony
1042 4471 1070 4521 ol
1080 4469 1229 4601 Rothb2ury.

1115 4557 1137 4613 Q
