2956 4988
344 445 457 489 sssrzn
480 446 576 505 nona,
600 444 937 501 nosrsunssnmun,
963 423 980 488 7
1004 444 1090 488 now.
1114 445 1138 488 1.
1242 421 1305 485 263

162 596 281 663 Sancti
296 598 435 663 Hillarii
459 600 493 663 in
514 598 706 684 quindecim
727 598 809 679 dies,
835 597 886 662 ita
903 597 993 683 quod
1012 598 1216 683 praeeeptum
1235 593 1305 659 fuit

162 684 352 751 vicecomiti
367 688 456 770 quod
481 687 739 752 resummoniret
759 708 836 751 eum
851 687 940 770 quod
962 687 1052 751 esset
1075 685 1131 748 hic
1154 683 1305 747 adhunc

161 771 261 853 diem,
280 772 417 852 scilicet,
439 774 493 839 die
515 773 691 838 Dominica
720 773 873 857 proxima
892 778 970 858 post
995 771 1123 837 festum
1143 768 1304 834 Purifica-

161 858 265 923 tionis
280 859 394 924 Beatae
409 860 536 925 Mariae.
582 861 628 924 Et
642 861 714 945 ipse
727 880 795 925 non
811 860 914 926 venit.
951 859 997 924 Et
1011 856 1304 936 resummoniatur,

161 951 225 1010 etc.
269 947 455 1027 «Iudicium,
468 948 623 1032 capiatur
632 947 741 1011 assisa
752 968 866 1012 versus
882 968 956 1012 eum
974 966 1034 1030 per
1048 944 1223 1022 defaltam,
1239 946 1303 1008 etc.

161 1032 207 1096 Et
223 1033 339 1097 Simon
355 1035 480 1120 Pylche
495 1039 530 1098 et
548 1034 741 1099 Alexander
760 1034 802 1098 de
824 1034 963 1118 Hopyn,
980 1032 1221 1118 recognitores,
1236 1050 1305 1094 non

161 1120 314 1200 veniunt,
340 1120 415 1187 ideo
439 1122 506 1206 ipsi
529 1119 565 1185 in
592 1121 678 1186 mis’.
725 1122 899 1187 Juratores
924 1120 1043 1186 dicunt
1070 1138 1171 1204 super
1194 1138 1304 1183 sacra

161 1212 313 1271 mentum
334 1229 432 1272 suum
450 1208 539 1291 quod
563 1208 723 1293 praedicta
747 1208 885 1288 Editha,
907 1209 948 1272 de
970 1206 1070 1292 cujus
1088 1210 1206 1285 morte,
1227 1210 1305 1285 etc,

161 1293 248 1358 obiit
263 1294 380 1359 seisita
394 1295 435 1361 de
459 1295 618 1380 praedicta
640 1300 732 1360 terra
746 1295 782 1357 in
807 1294 975 1360 dominico
991 1313 1052 1358 suo
1076 1298 1115 1356 ut
1137 1293 1179 1357 de
1194 1292 1304 1371 feodo,

161 1381 307 1464 dieque,
324 1388 387 1447 etc.
434 1383 516 1447 Ideo
539 1382 788 1448 consideratum
807 1381 964 1466 estquod
984 1380 1164 1466 praedictus
1180 1379 1305 1444 Petrus

161 1471 335 1553 recuperet
365 1469 523 1534 seisinam
554 1490 650 1534 suam
676 1490 789 1534 versus
819 1469 1018 1554 proedictum
1042 1466 1246 1546 Ricardum,
1269 1469 1305 1530 et

159 1555 341 1639 praedictus
365 1556 532 1621 Ricardus
556 1557 681 1621 habeat
708 1557 749 1621 de
775 1560 867 1621 terra
881 1556 1049 1641 praedictae
1071 1552 1235 1618 Dionisiae
1261 1552 1305 1617 ad

82 1665 88 1676 ’
161 1641 362 1722 valentiam3
379 1646 414 1707 et
428 1643 590 1728 praedicta
604 1642 760 1708 Dionisia
769 1643 894 1708 habeat
904 1643 944 1710 de
955 1646 1047 1708 terra
1060 1640 1213 1727 praedicti
1224 1639 1305 1704 Adae
1329 1698 1333 1705 .

160 1729 204 1793 ad
217 1729 408 1810 valentiam,
425 1734 499 1810 etc,
516 1735 551 1795 et
565 1731 674 1795 Adam
690 1729 726 1793 in
742 1729 827 1794 mis'.

225 1869 343 1934 Assisa
357 1870 452 1934 veuit
466 1870 682 1954 recognitum
697 1868 726 1934 si
736 1869 855 1935 Frater
870 1869 1024 1954 Rogerus
1039 1867 1166 1947 Baude,
1179 1865 1305 1930 Henri-

160 1977 219 2020 cus
249 1956 403 2035 Comale,
433 1960 468 2022 et
498 1956 625 2042 Agnes,
656 1956 725 2020 filia
754 1956 923 2020 ‚Iohannis
958 1955 1020 2018 filii
1049 1953 1234 2018 Alexandri
1264 1952 1305 2018 de

158 2043 403 2128 Edelyngham,
442 2043 581 2129 injuste,
619 2049 695 2122 ete,
729 2043 984 2108 disseisiverunt
1020 2041 1169 2105 Alsnum
1198 2040 1305 2104 filium

159 2127 345 2193 Alexandri
383 2132 424 2194 de
454 2130 688 2216 Edelyngham
725 2130 767 2195 de
797 2130 902 2195 libero
942 2132 1137 2194 tenemento
1176 2149 1238 2192 suo
1268 2127 1303 2189 in

160 2217 406 2302 Edelyngham‚
436 2222 515 2302 post
543 2218 698 2302 primam,
728 2223 792 2282 etc.
838 2217 884 2280 Et
913 2216 1002 2282 unde
1031 2217 1186 2300 queritur
1215 2214 1305 2298 quod

159 2304 415 2370 disseisiverunt
441 2327 516 2370 eum
541 2304 582 2370 de
603 2304 734 2369 duobus
762 2303 961 2390 messuagiis
987 2308 1022 2370 et
1046 2303 1194 2387 quinque
1217 2301 1305 2366 acris

160 2395 257 2457 terrae
273 2413 348 2457 cum
363 2391 592 2475 pertinentiis,
609 2396 672 2456 ete.
707 2392 753 2455 Et
763 2391 883 2456 Frater
898 2391 1061 2475 Rogerus,
1077 2389 1258 2468 Henricus,
1270 2393 1306 2452 et

159 2479 300 2562 Angues
316 2499 384 2542 non
399 2478 548 2543 veniunt.
594 2479 640 2542 Et
655 2479 795 2560 Angues
810 2478 879 2542 fuit
895 2477 1086 2542 attachiata
1099 2497 1159 2561 per
1174 2475 1305 2540 Willel-

161 2587 252 2628 mum
267 2565 443 2631 Brunberd
458 2570 493 2630 et
505 2565 692 2632 Henricum
705 2567 746 2630 de
761 2564 951 2648 Cotnesop'.
991 2564 1072 2629 Ideo
1087 2563 1153 2648 ipsi
1169 2562 1205 2625 in
1217 2561 1304 2641 mis’,

161 2656 224 2716 etc.
271 2653 317 2716 Et
341 2652 494 2738 Rogerus
518 2656 554 2717 et
578 2652 747 2718 Henricus
763 2673 830 2716 non
848 2653 989 2716 luerunt
1012 2650 1205 2729 attachiati,
1226 2649 1306 2732 quia

161 2761 229 2804 non
252 2739 393 2804 fuerunt
419 2740 560 2805 inventi.
614 2739 696 2806 Ideo
719 2739 873 2824 capiatur
895 2737 1001 2803 assisa
1024 2758 1139 2802 versus
1163 2757 1220 2801 eos
1246 2757 1306 2821 per

160 2825 335 2905 defaltum,
357 2831 420 2891 etc.
465 2826 641 2892 Juratores
667 2827 787 2891 dicunt
812 2846 913 2910 super
935 2828 1185 2891 sacramentum
1206 2844 1305 2887 suuni

160 2914 249 2996 quod
273 2934 388 2979 revera
411 2914 592 2997 praedictus
616 2912 818 2993 Alexander,
841 2914 936 2997 cujus
960 2915 1193 2977 tenementum
1212 2909 1305 2974 istud

160 3000 240 3079 fuit,
255 3000 411 3065 feoffavit
426 3000 505 3066 inde
520 2999 718 3085 praedictum
729 2999 887 3079 Alanum,
905 2999 962 3083 qui
970 3019 1032 3084 per
1046 2997 1304 3062 feoffamentum

161 3086 245 3150 illud
260 3087 330 3150 fuit
344 3088 423 3151 inde
446 3088 479 3150 in
498 3088 587 3152 bona
602 3087 725 3153 seisina
748 3107 920 3171 quousque
942 3085 1123 3170 praedictus
1138 3085 1304 3168 Rogerus,

160 3174 268 3238 frater
288 3174 478 3259 Hospitalis
501 3175 620 3239 Sancti
641 3174 664 3238 J
666 3174 810 3239 ohannis
832 3172 1049 3257 Jerosolymae
1069 3171 1105 3234 in
1127 3170 1254 3256 Anglia
1269 3174 1305 3235 et

160 3261 339 3345 praedictus
356 3261 523 3325 Henricus
532 3260 676 3326 Cornale
685 3261 795 3345 ipsum
809 3260 887 3324 inde
902 3260 1027 3345 injuste
1039 3257 1305 3337 disseisiverunt,

162 3348 250 3412 sicut
270 3348 368 3413 breve
388 3347 482 3412 dicit.
532 3348 684 3428 Quaesiti,
700 3370 774 3432 quse
798 3347 946 3432 dampna
969 3346 1149 3431 praedictus
1174 3343 1304 3409 Alanus

162 3435 328 3499 sustinuit
356 3436 532 3500 occasione
570 3435 739 3520 praedictae
777 3433 990 3498 disseisinaei’
1056 3431 1185 3498 Dicunt
1214 3431 1305 3515 quod

161 3522 344 3606 dampnum
367 3521 622 3605 quatuordecim
645 3522 681 3587 s'.
727 3521 869 3601 Quaesiti
892 3519 1006 3600 etiam,
1030 3519 1105 3603 quis
1136 3517 1226 3603 cepit
1248 3539 1304 3583 ex·

160 3608 265 3693 pletia
278 3609 431 3693 praedicti
447 3609 660 3674 tenementi?
697 3608 826 3673 Dicunt
842 3608 932 3692 quod
943 3607 1124 3692 pradictus
1140 3606 1304 3690 Rogems.

161 3695 301 3776 Quoesiti
331 3697 446 3775 etiam,
477 3696 505 3761 si
535 3696 696 3780 praedicta
727 3695 874 3780 expletia
903 3694 994 3779 cepit
1022 3693 1067 3757 ad
1101 3713 1185 3776 opus
1206 3713 1305 3757 suum
1406 3735 1413 3753 .

160 3783 333 3867 proprium
348 3804 392 3847 an
408 3783 451 3847 ad
463 3783 546 3867 opus
556 3781 772 3868 Hospitalis?
810 3783 938 3847 Dicunt
952 3780 1042 3865 quod
1052 3780 1095 3844 ad
1110 3799 1194 3864 opus
1206 3799 1304 3843 suum

160 3870 342 3955 proprium.
389 3870 469 3936 Ideo
493 3869 743 3935 consideratum
769 3869 934 3953 estquod
963 3867 1143 3953 praedictus
1173 3865 1304 3930 Alanus

161 3962 333 4042 recuperet
348 3957 428 4022 inde
443 3957 602 4022 seisinam
625 3977 722 4021 suam
741 3978 801 4042 per
819 3957 929 4021 visum
947 3954 1211 4038 recognitorum.
1256 3953 1303 4017 Et

159 4044 311 4129 praedicti
328 4044 495 4110 Henricus
511 4048 546 4108 et
561 4045 714 4129 Rogerus
737 4043 773 4107 in
789 4043 876 4123 mis',
897 4047 933 4107 et
948 4041 1105 4107 similiter
1118 4040 1299 4125 praedictus

160 4131 289 4196 Alanus
298 4131 333 4194 in
350 4131 425 4196 mis’
437 4152 498 4217 pro
506 4131 594 4196 falso
606 4132 750 4196 clamore
763 4151 876 4196 versus
885 4129 1081 4215 praedictam
1094 4128 1298 4212 Angnetem‚

159 4222 223 4285 etc.

224 4305 381 4390 Dampna
396 4304 468 4391 xiiij
479 4306 516 4371 s’.
561 4305 616 4370 Ad
630 4304 796 4391 judicium
811 4305 853 4370 de
868 4302 1037 4388 dampnis.

225 4437 394 4504 Robertus
418 4435 459 4503 de
484 4435 602 4502 Insula
625 4435 850 4502 summonitus
872 4433 942 4499 luit
962 4434 1007 4498 ad
1032 4429 1302 4517 respondendum
