2956 4988
283 444 396 490 sssmn
418 444 517 506 aona,
540 446 877 509 roarnurrnrsmru,
903 429 921 493 7
944 449 1032 496 now.
1056 451 1080 497 1.
1191 431 1256 495 339

173 599 320 665 Thomas
341 599 431 665 filius
446 600 596 666 Mabiliae
615 600 657 667 de
674 602 816 668 Sutflets
837 602 1018 669 submersit
1043 604 1086 670 de
1109 605 1254 689 quodam

106 686 231 752 batello
247 687 399 772 inportu
416 687 457 753 de
472 688 738 775 Ncubiggingh'.
772 689 895 755 Nullus
911 691 991 756 inde
1005 691 1254 758 malecreditur.

106 775 536 947 dgssffifffmunium'
560 775 716 842 Precium
728 777 845 843 butelli
859 777 910 863 iiij
922 778 1059 860 s',undc
1070 779 1254 845 vicecomes

171 1000 223 1065 De
239 1000 356 1065 eodem
371 999 567 1066 vicecomite
582 1001 623 1067 do
638 1001 760 1067 vrecko
775 1001 878 1067 maris
893 1000 929 1066 lx
937 1002 963 1065 ε’
978 1002 1067 1068 ixd'.

173 1137 224 1204 De
239 1138 326 1202 vinis
341 1137 498 1217 venditis,
510 1141 587 1219 eta,
599 1137 718 1204 dicunt
733 1139 823 1223 quod
833 1139 1019 1206 Nicholaus
1031 1140 1073 1206 de
1085 1141 1257 1228 Dunesley

108 1228 144 1290 et
168 1224 284 1289 Simon
306 1225 347 1291 de
362 1225 526 1292 Hertebel
541 1226 765 1292 vendiderunt
780 1227 861 1292 vina
875 1230 995 1293 contra
1010 1229 1163 1309 assisam,
1179 1229 1257 1294 ideo

108 1335 144 1376 rn
160 1313 246 1377 mrs’.

171 1451 223 1517 De
246 1451 342 1516 novis
373 1450 684 1531 consuetudinibus,
718 1455 794 1532 etc,
829 1452 948 1518 dicunt
972 1452 1062 1538 quod
1088 1452 1187 1518 Prior
1215 1454 1257 1520 de

107 1538 269 1602 Tinemue
285 1541 320 1603 εὴ
329 1538 483 1602 homines
506 1539 560 1603 sui
575 1539 617 1604 de
630 1538 789 1604 Alnebill'
805 1543 840 1606 et
851 1539 1061 1606 Haukesbill'
1078 1541 1259 1625 inpediunt

107 1625 262 1690 homines
289 1625 331 1690 de
354 1625 593 1711 Newbigginh’
618 1626 781 1712 collegere
805 1648 933 1693 vermes
962 1649 1061 1712 super
1091 1633 1258 1694 costeram

107 1713 209 1777 maris
226 1714 262 1776 in
277 1717 428 1777 retractu
451 1733 547 1796 aquas
570 1713 614 1777 ad
636 1713 754 1778 hamos
780 1735 858 1778 suos
881 1715 1067 1798 pascendos
1090 1715 1134 1779 ad
1157 1737 1258 1800 grave

107 1799 290 1884 dampnum
306 1800 466 1885 ipsorum,
482 1803 545 1866 etc.
591 1801 674 1865 ideo
700 1801 743 1865 ad
766 1800 931 1886 judicium
956 1802 997 1866 de
1020 1822 1070 1866 eo.
1115 1803 1162 1865 Et
1176 1824 1259 1887 prae-

108 1892 244 1971 ceptum
259 1891 312 1951 est
328 1887 515 1952 vicecomiti
538 1888 627 1972 quod
643 1887 756 1952 venire
771 1888 879 1954 faciat
894 1889 1090 1972 praedictum
1106 1888 1259 1956 Priorem

109 1975 152 2038 ad
166 1975 448 2059 respondendum,
465 1978 529 2040 etc.

173 2111 297 2176 Postea
319 2113 485 2177 venerunt
508 2110 558 2196 xij
578 2111 746 2195 juratores
762 2114 796 2178 et
811 2113 912 2179 finem
927 2111 1082 2180 feceruut
1096 2134 1158 2199 pro
1173 2135 1208 2180 se
1224 2118 1259 2181 et

109 2220 170 2285 pro
181 2201 256 2263 tota
265 2198 384 2264 villata
394 2198 582 2278 vinetariis,
598 2199 763 2283 drapariis
778 2221 840 2284 pro
855 2201 1116 2268 concelamentis
1132 2206 1167 2267 εὴ
1181 2202 1258 2267 aliis

109 2285 436 2372 transgressionibus
452 2285 535 2351 vm'.

269 2477 423 2540 Vrnmr
445 2496 491 2540 Dr
514 2474 735 2541 Oonrssnloon
756 2496 859 2539 vumr
882 2496 948 2540 PER
971 2475 1077 2543 mm.

173 2631 339 2697 aicardus
354 2629 442 2694 finus
458 2629 596 2694 sionei
612 2628 713 2694 vauri
729 2628 985 2694 occidentes
1002 2631 1043 2694 se
1059 2629 1209 2696 canam
1224 2630 1261 2694 in
1310 2590 1363 2670 W

110 2719 189 2784 villa
216 2720 256 2785 dc
281 2717 486 2803 Corebrigge
511 2721 546 2781 ct
566 2716 660 2801 fugit
682 2716 725 2780 ad
746 2716 919 2781 ecclesiam
936 2716 1053 2783 Sancti
1068 2718 1212 2784 Andreae
1227 2720 1262 2784 et
1325 2685 1378 2769 Ἰὼ

111 2807 269 2892 cognovit
299 2805 428 2870 factum
466 2807 501 2869 et
528 2803 697 2887 abjuravit
729 2824 872 2888 regnum
909 2825 1023 2869 coram
1052 2808 1260 2871 coronatore.

111 2893 244 2959 Catella
259 2894 331 2976 ejus
347 2892 382 2976 xj
396 2891 422 2955 s'
439 2890 472 2975 vj
487 2890 520 2954 d'
536 2891 594 2955 ob'.
631 2891 678 2954 Et
693 2890 772 2974 quia
786 2890 905 2955 villata
920 2891 962 2955 de
978 2891 1173 2979 Corebrigg’
1191 2912 1259 2956 non

109 2980 198 3066 cepit
212 2980 335 3064 ipsum,
351 2978 427 3043 ideo
442 2977 478 3041 in
493 2977 580 3042 mis'.

175 3134 368 3199 Willelmus
407 3131 566 3211 Claudus,
605 3133 711 3212 sutor,
757 3130 944 3196 indictatus
988 3153 1048 3216 per
1091 3130 1260 3217 appellum
1316 3124 1355 3181 s

36 3280 39 3284 ,
114 3223 254 3287 Walterr'
282 3222 323 3288 de
343 3219 590 3305 Whitington',
614 3217 814 3303 probatoris,
839 3217 1009 3282 subtraxit
1034 3240 1069 3285 se
1095 3223 1131 3285 et
1157 3217 1261 3284 male·

111 3310 270 3388 creditur,
286 3310 363 3373 ideo
386 3308 544 3393 exigatur
570 3310 605 3373 et
628 3305 811 3390 utlugetur.
857 3304 991 3370 Catella
1005 3306 1079 3391 ejus
1095 3305 1117 3390 ij
1128 3306 1154 3370 ε’
1170 3305 1262 3390 vjd’,

111 3399 199 3463 unde
215 3397 398 3462 vicecomes
415 3393 625 3479 respondeat.
670 3393 717 3456 Et
732 3392 900 3457 Mathaeus
915 3393 1069 3458 Piscator
1091 3392 1262 3457 subtraxit

111 3507 147 3551 se
162 3506 221 3569 per
235 3483 404 3569 appellum
420 3481 583 3566 ejusdem,
600 3480 675 3546 ideo
691 3479 848 3565 exigatur
863 3483 898 3543 et
914 3479 1095 3564 utlagetur.
1128 3479 1261 3544 Catalla

110 3567 1010 3742 tuitiiltptltlttbtttffl{Stulti
1042 3568 1088 3632 n
1103 3567 1151 3652 ¹5³⁸
1168 3566 1262 3653 aa

176 3816 195 3878 J
199 3814 348 3878 ohannes
374 3811 512 3896 Chappe
535 3809 701 3896 percussit
725 3766 907 3874 Ricardum
931 3809 972 3873 de
997 3808 1195 3895 Scharegill’
1224 3809 1261 3872 in
1310 3784 1353 3842 *s

111 3902 222 3986 capite
237 3901 382 3984 quodam
398 3899 472 3984 pari
487 3898 655 3982 forcipum
671 3896 721 3960 ita
736 3897 824 3982 quod
839 3896 918 3961 inde
941 3897 1036 3961 obiit.
1082 3897 1128 3960 Et
1143 3896 1260 3960 statim

109 3990 202 4075 fugit
218 3993 253 4052 εὴ
266 3986 513 4063 malecreditur,
526 3985 602 4050 ideo
614 3983 772 4069 exigatur
783 3989 818 4048 et
832 3982 1017 4067 utlagetur.
1042 3982 1175 4048 Catulla
1185 3983 1261 4067 ejus

110 4100 174 4142 xxx
185 4076 211 4139 ε’
227 4075 263 4159 iij
275 4075 319 4153 d',
336 4074 426 4138 unde
441 4073 626 4138 vicecomes
641 4071 853 4156 respondeat.
900 4070 995 4135 Idem
1019 4070 1139 4134 habuit
1155 4090 1261 4153 quan·

111 4166 189 4229 dam
219 4164 354 4227 domum
384 4161 421 4223 in
448 4160 549 4226 feodo
573 4158 662 4223 unde
686 4178 795 4222 annus
818 4160 853 4221 εὴ
875 4162 1009 4222 vastum
1032 4157 1087 4241 xvj
1102 4157 1127 4219 ε’
1153 4157 1204 4241 iiij
1216 4157 1261 4235 d',

111 4251 258 4315 medium
274 4253 407 4334 tempus
424 4247 471 4331 xij
486 4248 523 4326 s',
548 4246 638 4310 unde
654 4245 743 4308 idem
758 4244 942 4310 vicecomes
958 4245 1169 4330 respondeat.
1216 4245 1262 4309 Et

110 4336 386 4423 Robertusjfilius
409 4332 537 4420 Rogeri
561 4332 651 4417 cepit
676 4330 853 4417 praedictos
877 4331 989 4396 exitus
1013 4332 1085 4398 sine
1108 4334 1261 4412 varanto,

111 4427 186 4493 ideo
203 4427 238 4490 in
255 4424 342 4491 mis'.
1112 4506 1131 4569 2

1078 4526 1095 4569 r
