2956 4988
300 444 416 518 asama
437 471 535 534 nona,
559 471 896 534 rosaemannus),
921 454 940 518 7
963 473 1051 521 nov.
1074 474 1100 520 1.
1212 454 1275 518 353

128 625 222 692 nulla
237 627 420 693 atrectatio
440 625 535 693 facta
560 629 613 692 661
634 647 695 712 per
715 626 838 712 ipsum,
861 626 966 692 immo
989 627 1018 693 si
1040 627 1164 713 aliqua,
1180 627 1276 693 facta

128 715 198 779 fuit
212 737 272 800 per
286 715 486 800 praedictum
501 713 684 795 Simonem,
707 714 880 780 custodem
901 736 1011 796 suum,
1038 717 1074 782 et
1096 716 1182 781 bene
1196 736 1274 780 con-

130 802 219 867 cedit
235 803 324 887 quod
339 805 452 866 totum
467 801 581 887 regale
595 802 634 865 in
656 801 817 886 praedicta
834 823 929 866 mora
948 807 1123 868 remaneat
1138 802 1275 868 domino

129 889 227 974 Regi.
273 890 355 955 Ideo
381 892 587 974 praeccptnm
612 894 665 954 est
694 888 883 955 vicecomiti
906 892 942 954 61
968 890 1159 955 coronatori
1186 889 1276 975 quod

130 976 284 1043 decetero
318 976 427 1042 faciat
462 976 512 1041 ibi
545 976 634 1042 sicut
664 975 746 1041 alibi
774 975 811 1039 in
841 976 1007 1041 comitatu
1037 976 1198 1062 quicquid
1232 975 1277 1041 ad

127 1063 242 1149 regale
257 1065 417 1149 pertinet.
455 1064 501 1128 Et
516 1062 597 1148 qnia
608 1062 822 1129 continuavit
831 1063 1027 1148 praedictam
1038 1064 1274 1143 atractionem,

128 1149 205 1217 ideo
220 1151 442 1236 adjudicium
457 1151 499 1216 (16
513 1148 576 1215 eo.l

193 1305 245 1371 Ι)6
260 1304 355 1368 novis
371 1302 683 1383 consuetudinibus,
699 1306 775 1384 etc,
791 1303 911 1368 dicunt
927 1304 1015 1388 qnod
1031 1304 1183 1389 quaedam
1199 1325 1277 1369 con-

129 1391 327 1457 suetudines
343 1391 385 1456 de
401 1411 488 1456 novo
502 1389 621 1455 levatae
636 1389 767 1454 suntin
782 1390 864 1456 villa
878 1391 919 1455 (16
935 1391 1119 1476 Bamburg’
1135 1396 1171 1457 et
1185 1391 1276 1476 apud

129 1479 345 1545 Warnemne.
391 1478 437 1542 Et
466 1480 519 1542 est
548 1477 608 1542 illa
638 1477 848 1542 consuetudo
877 1477 957 1543 talis
983 1478 1126 1563 quodsi
1152 1478 1276 1563 aliquis

130 1566 307 1651 burgensis
330 1566 371 1630 de
394 1564 563 1649 praedictis
588 1563 704 1649 burgis
730 1564 883 1629 debiturn
909 1564 952 1630 ab
971 1565 1084 1649 aliquo
1107 1565 1277 1630 forinseco

130 1654 264 1738 exigere
291 1653 372 1718 velit
396 1652 466 1717 sive
487 1653 580 1736 juste
604 1651 674 1715 sive
702 1651 813 1715 minus
837 1651 941 1736 juste,
967 1657 1002 1718 et
1021 1654 1130 1737 possit
1156 1653 1277 1718 ducere

130 1747 258 1807 sectam
273 1761 386 1805 coram
401 1738 651 1805 constabulario
673 1738 714 1804 de
738 1738 921 1824 Bamburg’
940 1760 1001 1823 per
1018 1740 1103 1805 duos
1123 1740 1277 1804 homines

131 1829 188 1912 qui
204 1827 389 1912 burgenses
406 1826 550 1890 fuerunt
570 1826 660 1909 quod
684 1824 808 1909 aliquis
828 1829 987 1890 teneatur
1009 1825 1040 1892 ei
1059 1826 1096 1889 in
1117 1826 1277 1912 praedicto

130 1915 256 1994 debito,
272 1914 492 1998 destringunt
511 1934 627 1978 omnes
651 1911 805 1977 homines
830 1913 1004 1979 venientes
1021 1915 1059 1977 in
1085 1913 1278 1980 libertatem

130 2024 238 2081 suam,
254 2000 313 2087 qui
327 1999 458 2065 fuerint
474 2000 515 2064 de
535 2004 658 2064 tenura
680 1998 739 2063 illa
761 1998 799 2062 in
821 2021 888 2085 qua
908 2000 1041 2065 debitor
1058 2004 1111 2065 661
1126 2021 1277 2066 manens.

129 2091 176 2155 Et
191 2090 254 2154 hoc
270 2089 350 2153 licet
366 2108 435 2151 non
451 2086 520 2152 sint
535 2085 706 2150 debitores
729 2086 781 2150 vel
796 2086 911 2171 plegii.
957 2088 1003 2151 Et
1019 2087 1099 2172 quia
1121 2087 1180 2152 illa
1196 2108 1277 2153 con-

131 2176 275 2242 suetudo
307 2174 446 2239 omnino
479 2176 532 2239 est
556 2175 677 2238 contra
706 2193 822 2239 omnes
848 2173 953 2258 leges,
983 2174 1194 2258 prohibitum
1226 2178 1279 2240 est

131 2261 381 2329 constabulario
406 2261 507 2327 castri
528 2260 569 2325 de
589 2260 797 2348 Bambnrgb’
816 2263 851 2326 et
875 2261 1100 2346 burgensibus
1120 2267 1279 2346 exparte

128 2349 259 2416 domini
267 2350 372 2434 Regis
382 2368 425 2413 nc
435 2346 628 2433 hujusmodi
639 2347 885 2413 consuetudine
896 2348 1051 2414 decetero
1062 2348 1113 2413 uti
1122 2369 1190 2413 non
1206 2350 1275 2432 (cic)

129 2439 348 2524 praesumant,
364 2438 427 2502 etc.

194 2576 246 2640 Ι)6
270 2575 337 2639 hiis
362 2572 422 2658 qui
447 2592 517 2636 non
542 2572 749 2657 permittunt
774 2571 926 2652 ballivos,
952 2576 1027 2652 etc,
1052 2573 1171 2639 dicunt
1190 2574 1279 2659 quod

130 2662 245 2728 ballivi
260 2663 301 2726 de
318 2664 428 2726 castro
444 2659 485 2724 dc
508 2659 692 2744 Bambnrg'
715 2680 783 2722 non
804 2660 1012 2744 permittunt
1036 2660 1174 2727 ballivos
1192 2662 1277 2727 vice-

128 2750 262 2815 comitis
278 2748 463 2813 delibcrare
474 2745 715 2825 districtiones,
726 2766 809 2830 quas
818 2746 953 2812 faciunt
968 2746 1097 2832 injuste
1107 2769 1184 2813 cnm
1194 2749 1279 2815 vice-

129 2858 240 2903 comes
264 2833 508 2920 querimoniam
530 2833 610 2897 inde
632 2834 799 2918 acceperit
821 2854 881 2917 per
906 2854 1007 2918 quam
1033 2835 1278 2919 querimoniam

128 2924 325 3012 praedictam
348 2919 595 2987 districtionem
613 2920 711 3004 jubet
734 2919 920 3004 repleviari.
966 2921 1049 2987 Ideo
1072 2925 1278 3007 praeceptum

130 3014 183 3077 661
208 3009 398 3076 vicecomiti
424 3007 514 3093 quod
536 3007 645 3071 faciat
670 3006 862 3071 Johanncm
887 3007 928 3071 (16
955 3007 1127 3074 Grcnham
1154 3009 1277 3089 venire,

131 3104 207 3178 616,
223 3098 267 3162 ad
281 3095 552 3181 respondendum
567 3095 608 3158 de
623 3095 691 3157 ista
706 3099 808 3174 terra,
825 3100 859 3158 et
880 3094 1038 3159 similiter
1059 3116 1162 3180 quare
1185 3102 1279 3161 tenet

129 3187 257 3272 placita
280 3184 322 3248 (16
347 3182 460 3247 namio
485 3183 589 3246 vetito
613 3201 690 3246 curn
713 3180 839 3245 ibidem
866 3180 997 3246 nullum
1023 3183 1091 3247 tale
1113 3183 1278 3268 placitum

129 3273 332 3360 placitatum
355 3269 435 3349 fuit,
458 3267 525 3332 nisi
547 3289 568 3332 a
591 3273 741 3352 tempore
760 3288 825 3352 quo
841 3267 1033 3335 Willelmus
1049 3270 1193 3334 Heirum
1208 3270 1278 3335 fuit

130 3356 400 3428 constabularius
423 3357 464 3421 (16
487 3354 671 3440 Bamburg'
694 3360 730 3421 61
744 3355 927 3420 vicecomes
942 3355 1108 3421 similiter.
1155 3357 1278 3422 Postea

130 3449 223 3515 venit
238 3445 418 3531 pradictus
433 3443 455 3508 J
457 3444 606 3507 ohannes
629 3445 665 3506 61
687 3440 771 3506 (11611
793 3442 884 3526 quod
904 3442 977 3527 ipse
993 3445 1123 3510 invenit
1138 3445 1275 3529 praedic-

130 3541 204 3600 tum
231 3538 380 3599 castrum
406 3529 560 3596 seisitnm
584 3529 625 3595 de
648 3528 753 3614 hujus
779 3530 1033 3595 consuetudine.
1089 3531 1172 3597 Ideo
1198 3531 1277 3597 inde

129 3620 345 3707 loquendum.

194 3794 246 3858 De
261 3790 328 3855 hiis
345 3789 401 3874 qui
424 3788 620 3852 levaverunt
642 3806 838 3866 warrenam,
862 3789 937 3865 etc,
958 3785 1077 3852 dicunt
1093 3789 1182 3872 quod
1198 3789 1277 3855 Gal-

129 3882 240 3946 fridus
256 3880 297 3945 de
312 3876 398 3943 Luci
420 3874 542 3940 levavit
565 3893 747 3938 varennam
769 3871 804 3935 in
827 3893 921 3936 mora
936 3873 977 3937 de
993 3874 1202 3959 Angraham,
1217 3877 1277 3941 nbi
1395 3934 1400 3947 ,

131 3968 262 4035 solebat
288 3985 361 4030 esse
387 3961 505 4029 chacia
528 3958 726 4039 communis,
749 3960 898 4043 quinque
925 3961 1024 4024 annis
1051 3961 1184 4046 elapsis,
1211 3984 1277 4048 qno

129 4059 271 4122 varanto
301 4050 468 4116 nesciunt.
535 4048 617 4112 Ideo
650 4049 855 4133 preceptum
884 4051 937 4112 est
969 4047 1157 4114 vicecomiti
1187 4051 1277 4134 quod

130 4144 235 4208 faciat
252 4163 329 4207 eum
344 4137 468 4216 venire,
484 4138 549 4200 etc.

195 4298 218 4363 J
219 4299 372 4361 uratores
390 4290 598 4378 praesentant
617 4287 706 4373 qnod
722 4287 845 4353 balliva
859 4289 900 4355 de
916 4287 1075 4356 Ookedal’
1091 4291 1203 4358 reddit
1217 4316 1278 4380 per

343 4466 351 4500 ¹
369 4465 403 4519 In
417 4465 462 4519 tha
473 4463 576 4532 margin
586 4463 786 4531 inadjutam
797 4463 827 4515 dc
840 4462 933 4514 comita
944 4465 974 4515 dc
985 4464 1093 4530 Anonos.

1083 4553 1106 4596 A
1128 4552 1150 4596 Δ

181 4582 220 4673 il
