2956 4988
311 430 424 492 stema
447 447 545 508 noan,
569 444 904 507 uouruuusrnmrn,
928 424 970 491 40
993 446 1075 490 usu.
1099 446 1153 491 111.
1265 425 1306 490 15

160 602 296 687 gurgite
319 601 357 666 in
371 600 534 687 pradicta
555 601 647 682 villa,
669 605 747 688 post
770 600 965 681 terminum,
984 603 1062 680 etc,
1084 600 1164 686 quia
1186 599 1305 666 dicunt

161 690 248 774 quod
279 709 395 756 revera
423 690 632 754 consuetudo
657 687 778 774 patriae
803 692 856 756 est
880 688 962 753 talis
989 688 1078 772 quod
1104 709 1221 753 omnes
1248 686 1305 772 qui

160 777 286 841 habent
317 774 470 862 gurgites
500 776 537 838 in
560 777 722 861 praedicta
745 797 833 860 aqua
862 776 904 840 de
934 775 1037 860 Tyne,
1067 775 1133 860 ipsi
1162 778 1306 860 possunt

160 863 314 949 gurgites
332 863 422 929 suosl
445 884 599 930 amovere
621 865 662 928 de
677 884 746 928 uno
760 863 833 929 loco
848 861 884 927 in
900 862 1005 926 alium
1028 867 1192 946 quantum
1212 866 1305 927 tene-

159 955 313 1018 mentum
338 950 488 1036 ipsorum
514 951 616 1015 durat
638 950 875 1035 utaliquando
898 969 1024 1034 ponere
1049 951 1204 1035 gurgites
1228 970 1306 1015 suos

159 1058 262 1123 prope
287 1038 381 1102 iilum
403 1059 497 1122 aquae
519 1037 701 1122 aliquando
715 1058 819 1123 prope
832 1040 970 1103 terram.
1014 1037 1060 1102 Et
1075 1037 1194 1102 dicunt
1218 1037 1307 1120 quod

161 1145 276 1190 omnes
314 1127 542 1191 antecessores
577 1125 684 1211 ipsius
720 1124 889 1190 Johannis
927 1144 1059 1208 semper
1095 1123 1237 1189 fuerunt
1269 1123 1305 1188 in

161 1211 287 1277 seisina
301 1211 457 1277 habendo
478 1212 678 1297 praedictum
693 1212 865 1298 gurgitem
880 1211 917 1274 in
931 1210 1093 1296 praedicta
1108 1232 1205 1296 aqua.
1264 1212 1307 1275 Et

159 1299 341 1385 praedictus
369 1299 541 1365 Johannes
568 1298 734 1378 similiter,
751 1298 802 1363 ita
827 1300 917 1382 quod
947 1299 1019 1383 ipse
1041 1298 1216 1364 Johannes
1235 1300 1306 1384 jam

161 1390 307 1471 quatuor
315 1386 414 1451 anuis
424 1386 547 1471 elapsis
562 1385 688 1450 amovit
702 1385 897 1471 praedictam
912 1385 1081 1471 gurgitem
1098 1385 1139 1450 de
1150 1406 1218 1450 uno
1233 1386 1307 1451 loco

161 1474 196 1538 in
218 1474 395 1558 quemdam
424 1473 529 1538 alium
552 1473 665 1539 locum
688 1473 724 1537 in
748 1476 943 1538 tenemento
969 1492 1040 1553 suo,
1067 1472 1156 1538 sicut
1180 1473 1239 1536 alii
1265 1474 1307 1537 de

161 1560 274 1647 patria
288 1560 445 1627 fecerunt
464 1583 540 1625 oum
563 1581 699 1625 necesse
714 1560 831 1640 fuerit,
848 1560 978 1625 seilicet
993 1560 1126 1645 quando
1140 1560 1308 1646 praedictae

162 1649 316 1734 gurgites
332 1649 557 1713 obstruuntur
572 1669 633 1734 per
654 1669 793 1714 arenam
815 1669 920 1732 aquae.
966 1648 1012 1711 Et
1034 1652 1118 1713 tuno
1141 1650 1308 1714 venerunt

161 1736 314 1821 praedicti
332 1736 503 1801 Robertus
519 1739 554 1801 et
570 1756 684 1802 omnes
700 1735 770 1815 alii,
787 1739 822 1800 et
838 1734 1052 1819 quamplures
1076 1734 1136 1798 alii
1157 1735 1215 1819 qui
1238 1756 1308 1799 non

162 1822 382 1888 nominantur
396 1822 432 1885 in
447 1823 550 1903 brevi,
564 1845 641 1888 cum
657 1823 801 1888 arcubus
817 1825 852 1887 et
867 1821 1015 1907 sagittis,
1032 1821 1164 1886 hachiis
1180 1826 1216 1887 et
1231 1821 1308 1886 aliis

162 1910 265 1975 armis
288 1913 325 1974 et
345 1912 603 1994 prostraverunt
622 1910 818 1995 praedictam
835 1908 1016 1995 gurgitem.
1070 1909 1117 1973 Et
1132 1908 1207 1975 ideo
1230 1932 1308 1975 eon-

163 1997 348 2063 sideratum
368 1999 422 2061 est
445 1997 533 2081 quod
556 1997 737 2081 praedictus
764 2016 888 2082 gurges
914 1995 1086 2061 reficiatur
1110 1996 1153 2060 ad
1173 2001 1308 2062 eustum

161 2084 315 2169 praedicti
330 2083 472 2149 Rcberti
486 2088 521 2149 et
551 2084 706 2164 aliorum,
720 2105 780 2169 per
805 2084 916 2148 visum
941 2083 1202 2167 recognitorum.
1262 2085 1308 2148 Et

163 2171 316 2257 praedicti
330 2171 500 2236 Robertus
515 2170 625 2235 etalii
640 2171 677 2234 in
694 2171 779 2237 mis'.
824 2170 983 2255 Dampna
998 2169 1033 2233 xl
1041 2171 1079 2234 ε’.

226 2258 274 2322 ut
303 2258 382 2342 quia
402 2259 570 2343 juratores
590 2260 765 2324 testantur
784 2257 873 2342 quod
892 2257 1054 2342 praediota
1075 2257 1222 2342 dampna
1238 2257 1307 2322 xls’

165 2345 336 2411 sufficiunt
350 2345 395 2409 ad
409 2345 627 2411 reficiendum
638 2345 834 2430 praedictam
849 2343 1021 2431 gurgitem
1037 2348 1072 2409 et
1087 2345 1244 2411 similiter
1266 2347 1309 2410 ad

165 2432 432 2498 satisficiendum
450 2431 481 2496 ei
504 2432 546 2496 de
561 2432 717 2517 dampnis
736 2431 805 2497 suis
821 2453 894 2516 quae
909 2431 982 2517 ipse
997 2431 1119 2497 habuit
1134 2433 1308 2498 occasione

163 2518 329 2605 praedicte
350 2518 589 2603 prostrationis
612 2519 765 2604 praedicti
783 2519 931 2605 gurgitis
954 2539 1059 2603 usque
1080 2539 1180 2585 nuno.
1227 2520 1309 2584 Ideo

164 2606 336 2673 reficiatur
360 2605 541 2690 praedictus
568 2627 690 2690 gurges
715 2607 759 2670 ad
785 2609 920 2672 austum
948 2605 1100 2690 praedicti
1127 2606 1308 2687 Johannis,

165 2699 240 2774 etc,
256 2697 292 2758 et
307 2713 375 2758 non
391 2693 434 2757 ad
450 2696 585 2758 custum
599 2693 753 2777 praedicti
767 2693 909 2759 Roberti
925 2697 960 2759 et
974 2693 1129 2772 aliorum,
1146 2698 1210 2758 ete.

229 2814 346 2879 Simon
362 2813 402 2880 de
419 2811 641 2880 Grescewell’2
657 2815 881 2879 summonitus
896 2813 966 2878 fuit
980 2815 1024 2878 ad
1035 2814 1308 2899 respondendum

166 2901 276 2967 Priori
299 2898 341 2965 de
363 2901 536 2986 Tynemue
567 2899 608 2964 de
633 2901 761 2985 placito
790 2901 878 2986 quod
904 2901 1119 2967 warrantizet
1143 2903 1174 2967 ei
1204 2923 1307 2966 unam

166 3011 277 3055 acram
293 2992 392 3054 terrae
407 3010 481 3054 oum
509 2988 726 3072 pertinentiis
753 2988 789 3051 in
814 2988 1051 3067 Grescewell',³
1078 3010 1178 3073 quam
1200 2992 1307 3069 tenet,

166 3081 229 3142 ete.
275 3076 322 3140 Et
336 3076 426 3140 unde
442 3079 570 3139 cartam
586 3075 728 3139 Roberti
743 3075 785 3138 de
804 3074 1007 3154 Gresewell’,
1022 3077 1131 3160 patris
1155 3077 1309 3161 praedicti

167 3162 314 3228 Simonis
344 3163 440 3247 eujus
470 3162 566 3226 heres
596 3162 668 3247 ipse
694 3166 757 3242 est,
782 3166 859 3241 etc,
887 3162 999 3227 habet.
1044 3164 1090 3227 Et
1112 3165 1202 3230 unde
1225 3164 1309 3228 dicit

166 3250 255 3334 quod
283 3250 465 3335 praedictus
508 3249 678 3315 Robertus
715 3250 756 3313 de
794 3248 995 3328 Gresewell',
1022 3253 1121 3335 pater
1156 3252 1309 3335 praedicti

168 3337 326 3416 Simonis,
356 3335 512 3402 feoffarit
548 3336 700 3401 Priorem
736 3335 933 3421 praedictum
971 3336 1012 3400 de
1037 3338 1199 3421 praedicta
1230 3359 1310 3403 acra

166 3427 273 3504 terrae,
296 3424 482 3488 tenendum
514 3423 579 3488 sibi
615 3427 650 3488 et
681 3422 928 3488 successoribus
958 3422 1028 3488 suis
1058 3423 1093 3487 in
1123 3447 1243 3508 puram
1274 3430 1309 3490 et

166 3514 362 3596 perpetuam
378 3509 605 3590 elemosinam,
619 3510 662 3575 ad
674 3510 907 3575 edificandum
923 3514 958 3575 et
974 3512 1016 3575 ad
1029 3510 1129 3576 blada
1142 3534 1203 3577 sua
1215 3512 1307 3577 colli-

167 3598 317 3683 gendum
332 3603 367 3663 et
381 3598 624 3682 reponendum,
642 3618 719 3663 oum
734 3596 849 3662 liberis
875 3597 1074 3663 introitibus
1090 3603 1126 3663 et
1149 3600 1308 3680 exitibus,

167 3689 230 3750 etc.
284 3685 331 3749 Et
347 3684 436 3769 quod
451 3684 523 3768 ipse
542 3690 577 3750 et
600 3685 740 3750 heredes
766 3684 819 3749 sui
841 3684 1037 3770 praedictam
1062 3686 1207 3769 placium
1233 3709 1309 3752 cum

165 3771 335 3858 predictis
358 3771 595 3857 suprascriptis
620 3771 942 3851 warrantizaverint,
966 3775 1028 3836 etc.
1056 3793 1117 3857 per
1139 3775 1309 3857 quandam

166 3863 295 3924 cartam
332 3880 433 3943 quam
477 3859 620 3944 proffert
657 3863 692 3924 et
729 3880 801 3943 quae
838 3859 902 3924 hoe
938 3861 1094 3924 testatur.
1163 3860 1309 3941 Quidam

166 3947 340 4013 Johannes
357 3947 398 4012 de
414 3946 571 4031 Haydon'
582 3945 664 4010 tulit
676 3946 845 4030 quandam
858 3945 1001 4010 assisam
1013 3966 1106 4012 novae
1122 3946 1310 4014 disseisinae

167 4035 208 4100 de
223 4054 402 4099 communa
416 4037 564 4118 pasturae
579 4055 647 4098 suae
662 4033 700 4096 in
714 4032 874 4119 praedicta
899 4030 1020 4116 placia,
1037 4053 1149 4099 eoram
1173 4035 1310 4101 domino

166 4122 261 4207 Rege
276 4124 312 4186 et
326 4121 478 4187 Henrioc
493 4121 535 4185 de
549 4121 747 4206 Wyngham
775 4119 962 4185 cancelario
988 4120 1119 4183 domini
1143 4121 1248 4206 Regis
1275 4127 1311 4187 et

200 4249 282 4302 ¹'l'hc
309 4249 406 4316 gonder
433 4250 461 4301 oi
484 4265 579 4315 gurges
606 4249 628 4301 is
656 4265 713 4302 oon·
765 4249 865 4327 Balliol,
888 4248 933 4301 did
956 4248 1037 4315 {salty
1060 4253 1087 4300 to
1110 4249 1222 4337 Edwprd
1247 4249 1310 4303 Lat

166 4317 316 4434 rutotimon
328 4383 360 4434 de
372 4381 501 4435 Cresswall
517 4381 545 4432 oi
563 4381 714 4447 theoounty
764 4317 1023 4459 iiirtttqtttiffug'
1043 4319 1108 4368 1296
1127 4316 1225 4379 (Bam
1246 4315 1310 4380 Gal„

167 4451 194 4505 oi
224 4450 376 4516 Boxburgh,
395 4464 429 4501 an
448 4448 575 4501 adherent
594 4452 621 4502 to
641 4449 714 4504 John
798 4447 1157 4503 ³Oresauollmtt'oodhorn
1166 4448 1265 4504 Parish.
