<?xml version="1.0" encoding="UTF-8"?>
<!DOCTYPE html PUBLIC "-//W3C//DTD XHTML 1.0 Transitional//EN"
    "http://www.w3.org/TR/xhtml1/DTD/xhtml1-transitional.dtd">
<html xmlns="http://www.w3.org/1999/xhtml" xml:lang="en" lang="en">
 <head>
  <title>
</title>
<meta http-equiv="Content-Type" content="text/html;charset=utf-8" />
  <meta name='ocr-system' content='tesseract 3.04.00' />
  <meta name='ocr-capabilities' content='ocr_page ocr_carea ocr_par ocr_line ocrx_word'/>
</head>
<body>
  <div class='ocr_page' id='page_1' title='image "./threeearlyassiz00pagegoog_0158.png"; bbox 0 0 2956 4988; ppageno 0'>
   <div class='ocr_carea' id='block_1_1' title="bbox 285 458 1290 536">
    <p class='ocr_par' dir='ltr' id='par_1_1' title="bbox 285 458 1290 536">
     <span class='ocr_line' id='line_1_1' title="bbox 285 458 1290 536; baseline 0.003 -19"><span class='ocrx_word' id='word_1_1' title='bbox 285 474 397 518; x_wconf 74' lang='lat' dir='ltr'>sssrzn</span> <span class='ocrx_word' id='word_1_2' title='bbox 420 474 519 534; x_wconf 75' lang='lat' dir='ltr'>noun,</span> <span class='ocrx_word' id='word_1_3' title='bbox 543 474 880 536; x_wconf 74' lang='lat' dir='ltr'>roarnnnnnsrnnn,</span> <span class='ocrx_word' id='word_1_4' title='bbox 903 458 946 520; x_wconf 76' lang='lat'>40</span> <span class='ocrx_word' id='word_1_5' title='bbox 969 477 1051 521; x_wconf 79' lang='lat' dir='ltr'>nnn.</span> <span class='ocrx_word' id='word_1_6' title='bbox 1076 478 1129 521; x_wconf 92' lang='lat'>111.</span> <span class='ocrx_word' id='word_1_7' title='bbox 1229 458 1290 520; x_wconf 84' lang='lat'>121</span> 
     </span>
    </p>
   </div>
   <div class='ocr_carea' id='block_1_2' title="bbox 33 627 1322 1933">
    <p class='ocr_par' dir='ltr' id='par_1_2' title="bbox 33 627 1322 1933">
     <span class='ocr_line' id='line_1_2' title="bbox 144 627 1293 712; baseline 0.007 -24"><span class='ocrx_word' id='word_1_8' title='bbox 144 630 261 691; x_wconf 91' lang='lat' dir='ltr'>mento</span> <span class='ocrx_word' id='word_1_9' title='bbox 276 627 457 709; x_wconf 88' lang='lat' dir='ltr'>latrocinii,</span> <span class='ocrx_word' id='word_1_10' title='bbox 468 629 609 694; x_wconf 90' lang='lat' dir='ltr'>veniunt</span> <span class='ocrx_word' id='word_1_11' title='bbox 621 631 656 693; x_wconf 93' lang='lat' dir='ltr'>et</span> <span class='ocrx_word' id='word_1_12' title='bbox 666 628 855 694; x_wconf 79' lang='lat' dir='ltr'>detendunt</span> <span class='ocrx_word' id='word_1_13' title='bbox 869 629 1107 712; x_wconf 85' lang='lat' dir='ltr'>latroconinm,</span> <span class='ocrx_word' id='word_1_14' title='bbox 1119 634 1155 696; x_wconf 90' lang='lat' dir='ltr'>et</span> <span class='ocrx_word' id='word_1_15' title='bbox 1168 633 1293 711; x_wconf 91' lang='lat' dir='ltr'>totum,</span> 
     </span>
     <span class='ocr_line' id='line_1_3' title="bbox 145 715 1294 803; baseline 0.006 -26"><span class='ocrx_word' id='word_1_16' title='bbox 145 715 181 777; x_wconf 92' lang='lat' dir='ltr'>et</span> <span class='ocrx_word' id='word_1_17' title='bbox 197 719 327 798; x_wconf 90' lang='lat' dir='ltr'>ponunt</span> <span class='ocrx_word' id='word_1_18' title='bbox 343 737 378 780; x_wconf 89' lang='lat' dir='ltr'>se</span> <span class='ocrx_word' id='word_1_19' title='bbox 388 737 488 802; x_wconf 90' lang='lat' dir='ltr'>snper</span> <span class='ocrx_word' id='word_1_20' title='bbox 496 716 643 802; x_wconf 89' lang='lat' dir='ltr'>patriam</span> <span class='ocrx_word' id='word_1_21' title='bbox 659 717 803 782; x_wconf 91' lang='lat' dir='ltr'>debono</span> <span class='ocrx_word' id='word_1_22' title='bbox 820 720 855 782; x_wconf 91' lang='lat' dir='ltr'>et</span> <span class='ocrx_word' id='word_1_23' title='bbox 869 717 969 783; x_wconf 90' lang='lat' dir='ltr'>malo.</span> <span class='ocrx_word' id='word_1_24' title='bbox 1015 719 1061 782; x_wconf 82' lang='lat' dir='ltr'>Et</span> <span class='ocrx_word' id='word_1_25' title='bbox 1072 720 1242 803; x_wconf 88' lang='lat' dir='ltr'>juratores</span> <span class='ocrx_word' id='word_1_26' title='bbox 1258 721 1294 784; x_wconf 90' lang='lat' dir='ltr'>et</span> 
     </span>
     <span class='ocr_line' id='line_1_4' title="bbox 145 803 1293 891; baseline 0.005 -27"><span class='ocrx_word' id='word_1_27' title='bbox 145 821 262 866; x_wconf 90' lang='lat' dir='ltr'>omnes</span> <span class='ocrx_word' id='word_1_28' title='bbox 277 803 401 868; x_wconf 83' lang='lat' dir='ltr'>villatae</span> <span class='ocrx_word' id='word_1_29' title='bbox 416 803 672 890; x_wconf 86' lang='lat' dir='ltr'>propinquiores</span> <span class='ocrx_word' id='word_1_30' title='bbox 688 804 807 869; x_wconf 89' lang='lat' dir='ltr'>dicunt</span> <span class='ocrx_word' id='word_1_31' title='bbox 820 826 920 891; x_wconf 89' lang='lat' dir='ltr'>snper</span> <span class='ocrx_word' id='word_1_32' title='bbox 935 811 1183 873; x_wconf 85' lang='lat' dir='ltr'>sacramentum</span> <span class='ocrx_word' id='word_1_33' title='bbox 1194 828 1293 871; x_wconf 90' lang='lat' dir='ltr'>suum</span> 
     </span>
     <span class='ocr_line' id='line_1_5' title="bbox 145 889 1293 978; baseline 0.006 -27"><span class='ocrx_word' id='word_1_34' title='bbox 145 889 235 971; x_wconf 93' lang='lat' dir='ltr'>quod</span> <span class='ocrx_word' id='word_1_35' title='bbox 250 890 402 975; x_wconf 87' lang='lat' dir='ltr'>praedicti</span> <span class='ocrx_word' id='word_1_36' title='bbox 417 891 527 956; x_wconf 82' lang='lat' dir='ltr'>Adam</span> <span class='ocrx_word' id='word_1_37' title='bbox 543 913 620 956; x_wconf 88' lang='lat' dir='ltr'>cum</span> <span class='ocrx_word' id='word_1_38' title='bbox 634 891 748 975; x_wconf 91' lang='lat' dir='ltr'>pallio,</span> <span class='ocrx_word' id='word_1_39' title='bbox 761 896 796 957; x_wconf 92' lang='lat' dir='ltr'>et</span> <span class='ocrx_word' id='word_1_40' title='bbox 810 892 965 957; x_wconf 80' lang='lat' dir='ltr'><strong>Andreas</strong></span> <span class='ocrx_word' id='word_1_41' title='bbox 982 893 1085 978; x_wconf 75' lang='lat' dir='ltr'>swyt,</span> <span class='ocrx_word' id='word_1_42' title='bbox 1102 893 1293 958; x_wconf 90' lang='lat' dir='ltr'>Willelmus</span> 
     </span>
     <span class='ocr_line' id='line_1_6' title="bbox 144 974 1294 1057; baseline 0.005 -19"><span class='ocrx_word' id='word_1_43' title='bbox 144 974 176 1039; x_wconf 99' lang='grc'>16</span> <span class='ocrx_word' id='word_1_44' title='bbox 192 976 327 1057; x_wconf 82' lang='lat' dir='ltr'>Pinder,</span> <span class='ocrx_word' id='word_1_45' title='bbox 343 978 489 1043; x_wconf 79' lang='lat' dir='ltr'>Thomas</span> <span class='ocrx_word' id='word_1_46' title='bbox 512 979 553 1042; x_wconf 91' lang='lat' dir='ltr'>de</span> <span class='ocrx_word' id='word_1_47' title='bbox 576 979 775 1055; x_wconf 86' lang='lat' dir='ltr'>Lomesdal&#39;‚</span> <span class='ocrx_word' id='word_1_48' title='bbox 790 979 901 1044; x_wconf 83' lang='lat' dir='ltr'>Adam</span> <span class='ocrx_word' id='word_1_49' title='bbox 925 979 1068 1044; x_wconf 84' lang='lat' dir='ltr'>Lambin</span> <span class='ocrx_word' id='word_1_50' title='bbox 1084 980 1198 1046; x_wconf 88' lang='lat' dir='ltr'>fideles</span> <span class='ocrx_word' id='word_1_51' title='bbox 1214 985 1294 1045; x_wconf 90' lang='lat' dir='ltr'>sunt</span> 
     </span>
     <span class='ocr_line' id='line_1_7' title="bbox 145 1063 1295 1152; baseline 0.007 -27"><span class='ocrx_word' id='word_1_52' title='bbox 145 1066 181 1126; x_wconf 88' lang='lat' dir='ltr'>et</span> <span class='ocrx_word' id='word_1_53' title='bbox 207 1063 244 1126; x_wconf 93' lang='lat' dir='ltr'>in</span> <span class='ocrx_word' id='word_1_54' title='bbox 269 1064 362 1130; x_wconf 91' lang='lat' dir='ltr'>nullo</span> <span class='ocrx_word' id='word_1_55' title='bbox 386 1065 569 1151; x_wconf 80' lang='lat' dir='ltr'>culpabiles</span> <span class='ocrx_word' id='word_1_56' title='bbox 592 1066 634 1130; x_wconf 93' lang='lat' dir='ltr'>de</span> <span class='ocrx_word' id='word_1_57' title='bbox 659 1066 771 1150; x_wconf 87' lang='lat' dir='ltr'>aliquo</span> <span class='ocrx_word' id='word_1_58' title='bbox 796 1066 990 1148; x_wconf 82' lang='lat' dir='ltr'>malefacto,</span> <span class='ocrx_word' id='word_1_59' title='bbox 1005 1067 1081 1133; x_wconf 90' lang='lat' dir='ltr'>ideo</span> <span class='ocrx_word' id='word_1_60' title='bbox 1107 1068 1225 1152; x_wconf 90' lang='lat' dir='ltr'>quieti,</span> <span class='ocrx_word' id='word_1_61' title='bbox 1242 1072 1295 1133; x_wconf 90' lang='lat' dir='ltr'>set</span> 
     </span>
     <span class='ocr_line' id='line_1_8' title="bbox 145 1149 1294 1240; baseline 0.005 -27"><span class='ocrx_word' id='word_1_62' title='bbox 145 1149 265 1216; x_wconf 90' lang='lat' dir='ltr'>dicunt</span> <span class='ocrx_word' id='word_1_63' title='bbox 291 1173 391 1236; x_wconf 90' lang='lat' dir='ltr'>super</span> <span class='ocrx_word' id='word_1_64' title='bbox 414 1157 664 1220; x_wconf 82' lang='lat' dir='ltr'>sacramentum</span> <span class='ocrx_word' id='word_1_65' title='bbox 694 1175 791 1218; x_wconf 92' lang='lat' dir='ltr'>suum</span> <span class='ocrx_word' id='word_1_66' title='bbox 824 1155 913 1238; x_wconf 92' lang='lat' dir='ltr'>quod</span> <span class='ocrx_word' id='word_1_67' title='bbox 940 1154 1094 1240; x_wconf 79' lang='lat' dir='ltr'>praedicti</span> <span class='ocrx_word' id='word_1_68' title='bbox 1123 1155 1294 1221; x_wconf 85' lang='lat' dir='ltr'>Robertus</span> 
     </span>
     <span class='ocr_line' id='line_1_9' title="bbox 33 1237 1322 1328; baseline 0.005 -27"><span class='ocrx_word' id='word_1_69' title='bbox 33 1311 36 1314; x_wconf 35' lang='lat'>‚</span> <span class='ocrx_word' id='word_1_70' title='bbox 144 1237 267 1320; x_wconf 87' lang='lat' dir='ltr'>Bodin,</span> <span class='ocrx_word' id='word_1_71' title='bbox 303 1239 415 1304; x_wconf 81' lang='lat' dir='ltr'>Adam</span> <span class='ocrx_word' id='word_1_72' title='bbox 449 1240 538 1305; x_wconf 87' lang='lat' dir='ltr'>filius</span> <span class='ocrx_word' id='word_1_73' title='bbox 576 1240 668 1320; x_wconf 83' lang='lat' dir='ltr'>Adae,</span> <span class='ocrx_word' id='word_1_74' title='bbox 711 1240 898 1306; x_wconf 84' lang='lat' dir='ltr'>Gilbertus·</span> <span class='ocrx_word' id='word_1_75' title='bbox 924 1241 1033 1307; x_wconf 87' lang='lat' dir='ltr'>frater</span> <span class='ocrx_word' id='word_1_76' title='bbox 1068 1242 1153 1327; x_wconf 83' lang='lat' dir='ltr'>ejus,</span> <span class='ocrx_word' id='word_1_77' title='bbox 1189 1242 1322 1328; x_wconf 85' lang='lat' dir='ltr'>Hugo&#39;</span> 
     </span>
     <span class='ocr_line' id='line_1_10' title="bbox 144 1325 1293 1415; baseline 0.004 -26"><span class='ocrx_word' id='word_1_78' title='bbox 144 1325 250 1407; x_wconf 91' lang='lat' dir='ltr'>Bolle,</span> <span class='ocrx_word' id='word_1_79' title='bbox 265 1326 435 1391; x_wconf 87' lang='lat' dir='ltr'>Henricus</span> <span class='ocrx_word' id='word_1_80' title='bbox 450 1327 565 1392; x_wconf 92' lang='lat' dir='ltr'>Dandi</span> <span class='ocrx_word' id='word_1_81' title='bbox 581 1333 616 1391; x_wconf 91' lang='lat' dir='ltr'>et</span> <span class='ocrx_word' id='word_1_82' title='bbox 631 1327 665 1391; x_wconf 91' lang='lat' dir='ltr'>N</span> <span class='ocrx_word' id='word_1_83' title='bbox 665 1328 815 1393; x_wconf 90' lang='lat' dir='ltr'>ioholaus</span> <span class='ocrx_word' id='word_1_84' title='bbox 836 1329 878 1392; x_wconf 92' lang='lat' dir='ltr'>de</span> <span class='ocrx_word' id='word_1_85' title='bbox 895 1328 1092 1408; x_wconf 66' lang='lat' dir='ltr'>lrilleburn,l</span> <span class='ocrx_word' id='word_1_86' title='bbox 1109 1328 1293 1415; x_wconf 80' lang='lat' dir='ltr'>culpabiles</span> 
     </span>
     <span class='ocr_line' id='line_1_11' title="bbox 145 1414 1295 1499; baseline 0.003 -22"><span class='ocrx_word' id='word_1_87' title='bbox 145 1417 227 1477; x_wconf 87' lang='lat' dir='ltr'>sunt</span> <span class='ocrx_word' id='word_1_88' title='bbox 260 1414 302 1479; x_wconf 93' lang='lat' dir='ltr'>de</span> <span class='ocrx_word' id='word_1_89' title='bbox 323 1414 477 1499; x_wconf 87' lang='lat' dir='ltr'>pluribus</span> <span class='ocrx_word' id='word_1_90' title='bbox 509 1414 707 1480; x_wconf 87' lang='lat' dir='ltr'>latrociniis.</span> <span class='ocrx_word' id='word_1_91' title='bbox 760 1416 853 1495; x_wconf 87' lang='lat' dir='ltr'>Ideo,</span> <span class='ocrx_word' id='word_1_92' title='bbox 877 1418 942 1481; x_wconf 86' lang='lat' dir='ltr'>etc.</span> <span class='ocrx_word' id='word_1_93' title='bbox 988 1415 1120 1482; x_wconf 78' lang='lat' dir='ltr'>Catella</span> <span class='ocrx_word' id='word_1_94' title='bbox 1135 1415 1295 1483; x_wconf 86' lang='lat' dir='ltr'>Nicholai</span> 
     </span>
     <span class='ocr_line' id='line_1_12' title="bbox 144 1500 1295 1589; baseline 0.003 -25"><span class='ocrx_word' id='word_1_95' title='bbox 144 1500 185 1566; x_wconf 87' lang='lat' dir='ltr'>de</span> <span class='ocrx_word' id='word_1_96' title='bbox 209 1500 394 1566; x_wconf 88' lang='lat' dir='ltr'>Lilleburn’</span> <span class='ocrx_word' id='word_1_97' title='bbox 419 1502 512 1566; x_wconf 78' lang='lat' dir='ltr'>lxxix</span> <span class='ocrx_word' id='word_1_98' title='bbox 526 1503 563 1583; x_wconf 85' lang='lat' dir='ltr'>s&#39;,</span> <span class='ocrx_word' id='word_1_99' title='bbox 590 1503 679 1566; x_wconf 89' lang='lat' dir='ltr'>unde</span> <span class='ocrx_word' id='word_1_100' title='bbox 701 1502 884 1570; x_wconf 84' lang='lat' dir='ltr'><strong>vicecomes</strong></span> <span class='ocrx_word' id='word_1_101' title='bbox 903 1504 1116 1589; x_wconf 75' lang='lat' dir='ltr'><strong>respondeat.</strong></span> <span class='ocrx_word' id='word_1_102' title='bbox 1162 1503 1295 1570; x_wconf 79' lang='lat' dir='ltr'>Catulla</span> 
     </span>
     <span class='ocr_line' id='line_1_13' title="bbox 143 1587 1293 1676; baseline 0.004 -25"><span class='ocrx_word' id='word_1_103' title='bbox 143 1587 227 1653; x_wconf 82' lang='lat' dir='ltr'>Adae</span> <span class='ocrx_word' id='word_1_104' title='bbox 267 1588 330 1652; x_wconf 89' lang='lat' dir='ltr'>filii</span> <span class='ocrx_word' id='word_1_105' title='bbox 369 1589 453 1654; x_wconf 83' lang='lat' dir='ltr'>Adae</span> <span class='ocrx_word' id='word_1_106' title='bbox 487 1589 579 1653; x_wconf 85' lang='lat' dir='ltr'>xixs&#39;</span> <span class='ocrx_word' id='word_1_107' title='bbox 609 1589 646 1674; x_wconf 83' lang='lat' dir='ltr'>iij</span> <span class='ocrx_word' id='word_1_108' title='bbox 659 1591 704 1669; x_wconf 81' lang='lat' dir='ltr'>d&#39;,</span> <span class='ocrx_word' id='word_1_109' title='bbox 741 1591 832 1655; x_wconf 93' lang='lat' dir='ltr'>unde</span> <span class='ocrx_word' id='word_1_110' title='bbox 867 1590 1050 1657; x_wconf 82' lang='lat' dir='ltr'>vicecomes</span> <span class='ocrx_word' id='word_1_111' title='bbox 1080 1592 1293 1676; x_wconf 88' lang='lat' dir='ltr'>respondeat.</span> 
     </span>
     <span class='ocr_line' id='line_1_14' title="bbox 144 1675 1293 1763; baseline 0.003 -25"><span class='ocrx_word' id='word_1_112' title='bbox 144 1675 190 1738; x_wconf 82' lang='lat' dir='ltr'>Et</span> <span class='ocrx_word' id='word_1_113' title='bbox 207 1675 265 1740; x_wconf 89' lang='lat' dir='ltr'>alii</span> <span class='ocrx_word' id='word_1_114' title='bbox 280 1676 374 1741; x_wconf 89' lang='lat' dir='ltr'>nulla</span> <span class='ocrx_word' id='word_1_115' title='bbox 389 1677 581 1743; x_wconf 79' lang='lat' dir='ltr'>habuerunt</span> <span class='ocrx_word' id='word_1_116' title='bbox 597 1677 730 1742; x_wconf 87' lang='lat' dir='ltr'>catalla.</span> <span class='ocrx_word' id='word_1_117' title='bbox 776 1678 822 1741; x_wconf 81' lang='grc'>111</span> <span class='ocrx_word' id='word_1_118' title='bbox 835 1677 953 1742; x_wconf 84' lang='lat' dir='ltr'>villata</span> <span class='ocrx_word' id='word_1_119' title='bbox 968 1680 1009 1743; x_wconf 88' lang='lat' dir='ltr'>de</span> <span class='ocrx_word' id='word_1_120' title='bbox 1025 1678 1293 1763; x_wconf 81' lang='lat' dir='ltr'>Framelington&#39;</span> 
     </span>
     <span class='ocr_line' id='line_1_15' title="bbox 144 1762 1295 1851; baseline 0.003 -26"><span class='ocrx_word' id='word_1_121' title='bbox 144 1762 181 1825; x_wconf 95' lang='lat' dir='ltr'>in</span> <span class='ocrx_word' id='word_1_122' title='bbox 197 1763 271 1827; x_wconf 92' lang='lat' dir='ltr'>mis&#39;</span> <span class='ocrx_word' id='word_1_123' title='bbox 287 1763 366 1847; x_wconf 92' lang='lat' dir='ltr'>quia</span> <span class='ocrx_word' id='word_1_124' title='bbox 381 1784 449 1827; x_wconf 94' lang='lat' dir='ltr'>non</span> <span class='ocrx_word' id='word_1_125' title='bbox 465 1764 549 1829; x_wconf 82' lang='lat' dir='ltr'>fecit</span> <span class='ocrx_word' id='word_1_126' title='bbox 565 1769 691 1830; x_wconf 88' lang='lat' dir='ltr'>sectam</span> <span class='ocrx_word' id='word_1_127' title='bbox 713 1769 791 1848; x_wconf 92' lang='lat' dir='ltr'>post</span> <span class='ocrx_word' id='word_1_128' title='bbox 806 1766 967 1849; x_wconf 89' lang='lat' dir='ltr'>quosdam</span> <span class='ocrx_word' id='word_1_129' title='bbox 984 1765 1219 1831; x_wconf 77' lang='lat' dir='ltr'>malefactores</span> <span class='ocrx_word' id='word_1_130' title='bbox 1237 1765 1295 1851; x_wconf 92' lang='lat' dir='ltr'>qui</span> 
     </span>
     <span class='ocr_line' id='line_1_16' title="bbox 145 1849 794 1933; baseline 0.002 -19"><span class='ocrx_word' id='word_1_131' title='bbox 145 1849 395 1933; x_wconf 87' lang='lat' dir='ltr'>decollaverunt</span> <span class='ocrx_word' id='word_1_132' title='bbox 410 1850 619 1917; x_wconf 89' lang='lat' dir='ltr'>Willelmum</span> <span class='ocrx_word' id='word_1_133' title='bbox 634 1851 665 1916; x_wconf 93' lang='lat' dir='ltr'>le</span> <span class='ocrx_word' id='word_1_134' title='bbox 680 1852 794 1918; x_wconf 81' lang='lat' dir='ltr'>Escot.</span> 
     </span>
    </p>
   </div>
   <div class='ocr_carea' id='block_1_3' title="bbox 144 1979 1387 2241">
    <p class='ocr_par' dir='ltr' id='par_1_3' title="bbox 144 1979 1387 2241">
     <span class='ocr_line' id='line_1_17' title="bbox 210 1979 1387 2065; baseline -0.003 -20"><span class='ocrx_word' id='word_1_135' title='bbox 210 1981 451 2046; x_wconf 87' lang='lat' dir='ltr'>Malefactores</span> <span class='ocrx_word' id='word_1_136' title='bbox 474 1979 585 2065; x_wconf 86' lang='lat' dir='ltr'>ignoti</span> <span class='ocrx_word' id='word_1_137' title='bbox 601 1981 831 2065; x_wconf 85' lang='lat' dir='ltr'>burgaverunt</span> <span class='ocrx_word' id='word_1_138' title='bbox 847 1982 982 2045; x_wconf 91' lang='lat' dir='ltr'>domum</span> <span class='ocrx_word' id='word_1_139' title='bbox 999 1981 1184 2048; x_wconf 85' lang='lat' dir='ltr'>Alexandri</span> <span class='ocrx_word' id='word_1_140' title='bbox 1199 1981 1295 2048; x_wconf 77' lang='grc'><strong>0616-</strong></span> <span class='ocrx_word' id='word_1_141' title='bbox 1331 1998 1387 2042; x_wconf 60' lang='lat' dir='ltr'><em>s</em></span> 
     </span>
     <span class='ocr_line' id='line_1_18' title="bbox 144 2068 1293 2153; baseline 0.001 -22"><span class='ocrx_word' id='word_1_142' title='bbox 144 2069 273 2131; x_wconf 90' lang='lat' dir='ltr'>manin</span> <span class='ocrx_word' id='word_1_143' title='bbox 291 2068 495 2147; x_wconf 89' lang='lat' dir='ltr'>Hilderton&#39;‚</span> <span class='ocrx_word' id='word_1_144' title='bbox 512 2073 547 2133; x_wconf 90' lang='lat' dir='ltr'>et</span> <span class='ocrx_word' id='word_1_145' title='bbox 562 2068 652 2132; x_wconf 84' lang='lat' dir='ltr'>bona</span> <span class='ocrx_word' id='word_1_146' title='bbox 668 2089 731 2132; x_wconf 86' lang='lat' dir='ltr'>sua</span> <span class='ocrx_word' id='word_1_147' title='bbox 746 2071 1015 2150; x_wconf 86' lang='lat' dir='ltr'>asportaverunt.</span> <span class='ocrx_word' id='word_1_148' title='bbox 1061 2068 1095 2132; x_wconf 91' lang='lat' dir='ltr'>N</span> <span class='ocrx_word' id='word_1_149' title='bbox 1096 2069 1222 2134; x_wconf 88' lang='lat' dir='ltr'>escitur</span> <span class='ocrx_word' id='word_1_150' title='bbox 1234 2070 1293 2153; x_wconf 91' lang='lat' dir='ltr'>qui</span> 
     </span>
     <span class='ocr_line' id='line_1_19' title="bbox 144 2154 1293 2241; baseline 0.003 -24"><span class='ocrx_word' id='word_1_151' title='bbox 144 2154 295 2221; x_wconf 86' lang='lat' dir='ltr'>fuerunt.</span> <span class='ocrx_word' id='word_1_152' title='bbox 341 2156 387 2220; x_wconf 82' lang='lat' dir='ltr'>Et</span> <span class='ocrx_word' id='word_1_153' title='bbox 409 2155 527 2218; x_wconf 85' lang='lat' dir='ltr'>villata</span> <span class='ocrx_word' id='word_1_154' title='bbox 552 2156 593 2221; x_wconf 94' lang='lat' dir='ltr'>de</span> <span class='ocrx_word' id='word_1_155' title='bbox 627 2155 821 2219; x_wconf 89' lang='lat' dir='ltr'>Hilderton&#39;</span> <span class='ocrx_word' id='word_1_156' title='bbox 845 2176 914 2219; x_wconf 93' lang='lat' dir='ltr'>non</span> <span class='ocrx_word' id='word_1_157' title='bbox 944 2154 1028 2219; x_wconf 87' lang='lat' dir='ltr'>fecit</span> <span class='ocrx_word' id='word_1_158' title='bbox 1058 2161 1185 2220; x_wconf 85' lang='lat' dir='ltr'>sectum</span> <span class='ocrx_word' id='word_1_159' title='bbox 1215 2161 1293 2241; x_wconf 92' lang='lat' dir='ltr'>post</span> 
     </span>
    </p>
   </div>
   <div class='ocr_carea' id='block_1_4' title="bbox 145 2241 740 2320">
    <p class='ocr_par' dir='ltr' id='par_1_4' title="bbox 145 2241 740 2320">
     <span class='ocr_line' id='line_1_20' title="bbox 145 2241 740 2320; baseline 0 -15"><span class='ocrx_word' id='word_1_160' title='bbox 145 2241 318 2307; x_wconf 91' lang='lat' dir='ltr'>hutesium</span> <span class='ocrx_word' id='word_1_161' title='bbox 333 2242 492 2320; x_wconf 87' lang='lat' dir='ltr'>levatum,</span> <span class='ocrx_word' id='word_1_162' title='bbox 509 2242 585 2307; x_wconf 93' lang='lat' dir='ltr'>ideo</span> <span class='ocrx_word' id='word_1_163' title='bbox 601 2243 637 2305; x_wconf 90' lang='lat' dir='ltr'>in</span> <span class='ocrx_word' id='word_1_164' title='bbox 653 2242 740 2306; x_wconf 90' lang='lat' dir='ltr'>mis&#39;.</span> 
     </span>
    </p>
   </div>
   <div class='ocr_carea' id='block_1_5' title="bbox 142 2363 1421 3142">
    <p class='ocr_par' dir='ltr' id='par_1_5' title="bbox 142 2363 1421 3142">
     <span class='ocr_line' id='line_1_21' title="bbox 210 2363 1421 2448; baseline 0.002 -20"><span class='ocrx_word' id='word_1_165' title='bbox 210 2363 402 2430; x_wconf 89' lang='lat' dir='ltr'>Willelmus</span> <span class='ocrx_word' id='word_1_166' title='bbox 418 2365 559 2443; x_wconf 77' lang='lat' dir='ltr'>Messon,</span> <span class='ocrx_word' id='word_1_167' title='bbox 571 2363 725 2448; x_wconf 83' lang='lat' dir='ltr'>fugando</span> <span class='ocrx_word' id='word_1_168' title='bbox 741 2363 910 2448; x_wconf 89' lang='lat' dir='ltr'>quandam</span> <span class='ocrx_word' id='word_1_169' title='bbox 922 2384 1058 2429; x_wconf 81' lang='lat' dir='ltr'>vaccam</span> <span class='ocrx_word' id='word_1_170' title='bbox 1073 2364 1189 2430; x_wconf 83' lang='lat' dir='ltr'>volens</span> <span class='ocrx_word' id='word_1_171' title='bbox 1199 2365 1292 2431; x_wconf 90' lang='lat' dir='ltr'>illam</span> <span class='ocrx_word' id='word_1_172' title='bbox 1390 2368 1421 2395; x_wconf 82' lang='grc'>”’</span> 
     </span>
     <span class='ocr_line' id='line_1_22' title="bbox 144 2450 1290 2535; baseline 0.007 -23"><span class='ocrx_word' id='word_1_173' title='bbox 144 2450 330 2535; x_wconf 88' lang='lat' dir='ltr'>inparcare‚</span> <span class='ocrx_word' id='word_1_174' title='bbox 346 2452 440 2516; x_wconf 91' lang='lat' dir='ltr'>venit</span> <span class='ocrx_word' id='word_1_175' title='bbox 463 2451 593 2530; x_wconf 82' lang='lat' dir='ltr'>Sibilla,</span> <span class='ocrx_word' id='word_1_176' title='bbox 610 2455 705 2534; x_wconf 90' lang='lat' dir='ltr'>cujus</span> <span class='ocrx_word' id='word_1_177' title='bbox 728 2472 830 2516; x_wconf 84' lang='lat' dir='ltr'>vacca</span> <span class='ocrx_word' id='word_1_178' title='bbox 845 2451 914 2514; x_wconf 83' lang='lat' dir='ltr'>fuit</span> <span class='ocrx_word' id='word_1_179' title='bbox 937 2455 972 2515; x_wconf 89' lang='lat' dir='ltr'>et</span> <span class='ocrx_word' id='word_1_180' title='bbox 986 2450 1095 2516; x_wconf 83' lang='lat' dir='ltr'>voluit</span> <span class='ocrx_word' id='word_1_181' title='bbox 1109 2452 1290 2521; x_wconf 87' lang='lat' dir='ltr'>defendere</span> 
     </span>
     <span class='ocr_line' id='line_1_23' title="bbox 144 2538 1290 2624; baseline 0.003 -22"><span class='ocrx_word' id='word_1_182' title='bbox 144 2559 280 2604; x_wconf 86' lang='lat' dir='ltr'>vaccam</span> <span class='ocrx_word' id='word_1_183' title='bbox 293 2538 388 2603; x_wconf 90' lang='lat' dir='ltr'>illam</span> <span class='ocrx_word' id='word_1_184' title='bbox 403 2559 446 2602; x_wconf 93' lang='lat' dir='ltr'>ne</span> <span class='ocrx_word' id='word_1_185' title='bbox 468 2538 660 2623; x_wconf 89' lang='lat' dir='ltr'>inparcaret</span> <span class='ocrx_word' id='word_1_186' title='bbox 675 2558 760 2602; x_wconf 87' lang='lat' dir='ltr'>eam.</span> <span class='ocrx_word' id='word_1_187' title='bbox 805 2538 851 2601; x_wconf 82' lang='lat' dir='ltr'>Et</span> <span class='ocrx_word' id='word_1_188' title='bbox 866 2559 939 2621; x_wconf 85' lang='lat' dir='ltr'>quae</span> <span class='ocrx_word' id='word_1_189' title='bbox 955 2538 1076 2603; x_wconf 85' lang='lat' dir='ltr'>Sibilla</span> <span class='ocrx_word' id='word_1_190' title='bbox 1096 2561 1290 2624; x_wconf 84' lang='lat' dir='ltr'>prengnans</span> 
     </span>
     <span class='ocr_line' id='line_1_24' title="bbox 144 2624 1289 2711; baseline 0.001 -22"><span class='ocrx_word' id='word_1_191' title='bbox 144 2624 223 2690; x_wconf 84' lang='lat' dir='ltr'>fuit.</span> <span class='ocrx_word' id='word_1_192' title='bbox 269 2626 366 2692; x_wconf 89' lang='lat' dir='ltr'>Idem</span> <span class='ocrx_word' id='word_1_193' title='bbox 381 2625 573 2690; x_wconf 89' lang='lat' dir='ltr'>Willelmus</span> <span class='ocrx_word' id='word_1_194' title='bbox 588 2647 663 2690; x_wconf 87' lang='lat' dir='ltr'>eam</span> <span class='ocrx_word' id='word_1_195' title='bbox 679 2625 769 2711; x_wconf 90' lang='lat' dir='ltr'>cepit</span> <span class='ocrx_word' id='word_1_196' title='bbox 790 2630 825 2689; x_wconf 89' lang='lat' dir='ltr'>et</span> <span class='ocrx_word' id='word_1_197' title='bbox 837 2625 981 2709; x_wconf 85' lang='lat' dir='ltr'>jactavit</span> <span class='ocrx_word' id='word_1_198' title='bbox 996 2647 1070 2690; x_wconf 89' lang='lat' dir='ltr'>eam</span> <span class='ocrx_word' id='word_1_199' title='bbox 1094 2627 1137 2690; x_wconf 87' lang='lat' dir='ltr'>ad</span> <span class='ocrx_word' id='word_1_200' title='bbox 1153 2631 1289 2709; x_wconf 88' lang='lat' dir='ltr'>terram,</span> 
     </span>
     <span class='ocr_line' id='line_1_25' title="bbox 144 2712 1291 2798; baseline 0.005 -23"><span class='ocrx_word' id='word_1_201' title='bbox 144 2712 196 2778; x_wconf 91' lang='lat' dir='ltr'>ita</span> <span class='ocrx_word' id='word_1_202' title='bbox 210 2713 299 2797; x_wconf 93' lang='lat' dir='ltr'>quod</span> <span class='ocrx_word' id='word_1_203' title='bbox 314 2717 410 2780; x_wconf 83' lang='lat' dir='ltr'>sexto</span> <span class='ocrx_word' id='word_1_204' title='bbox 434 2712 487 2779; x_wconf 93' lang='lat' dir='ltr'>die</span> <span class='ocrx_word' id='word_1_205' title='bbox 502 2713 633 2798; x_wconf 81' lang='lat' dir='ltr'>peperit</span> <span class='ocrx_word' id='word_1_206' title='bbox 656 2712 825 2796; x_wconf 88' lang='lat' dir='ltr'>quendam</span> <span class='ocrx_word' id='word_1_207' title='bbox 840 2712 1032 2777; x_wconf 87' lang='lat' dir='ltr'>abortivum</span> <span class='ocrx_word' id='word_1_208' title='bbox 1055 2716 1227 2778; x_wconf 89' lang='lat' dir='ltr'>mortuum</span> <span class='ocrx_word' id='word_1_209' title='bbox 1249 2716 1291 2782; x_wconf 90' lang='lat' dir='ltr'>de</span> 
     </span>
     <span class='ocr_line' id='line_1_26' title="bbox 143 2799 1291 2885; baseline 0.005 -24"><span class='ocrx_word' id='word_1_210' title='bbox 143 2799 357 2885; x_wconf 86' lang='lat' dir='ltr'>longitudine</span> <span class='ocrx_word' id='word_1_211' title='bbox 381 2800 483 2865; x_wconf 91' lang='lat' dir='ltr'>unius</span> <span class='ocrx_word' id='word_1_212' title='bbox 505 2799 646 2885; x_wconf 91' lang='lat' dir='ltr'>pollicis.</span> <span class='ocrx_word' id='word_1_213' title='bbox 707 2800 753 2863; x_wconf 83' lang='lat' dir='ltr'>Et</span> <span class='ocrx_word' id='word_1_214' title='bbox 776 2800 866 2864; x_wconf 92' lang='lat' dir='ltr'>idem</span> <span class='ocrx_word' id='word_1_215' title='bbox 894 2799 1085 2864; x_wconf 91' lang='lat' dir='ltr'>Willelmus</span> <span class='ocrx_word' id='word_1_216' title='bbox 1112 2807 1207 2867; x_wconf 84' lang='lat' dir='ltr'>sexto</span> <span class='ocrx_word' id='word_1_217' title='bbox 1237 2802 1291 2867; x_wconf 91' lang='lat' dir='ltr'>die</span> 
     </span>
     <span class='ocr_line' id='line_1_27' title="bbox 142 2885 1290 2972; baseline 0.003 -20"><span class='ocrx_word' id='word_1_218' title='bbox 142 2894 262 2972; x_wconf 86' lang='lat' dir='ltr'>postea</span> <span class='ocrx_word' id='word_1_219' title='bbox 288 2887 457 2953; x_wconf 76' lang='lat' dir='ltr'>subtraxit</span> <span class='ocrx_word' id='word_1_220' title='bbox 481 2908 526 2952; x_wconf 89' lang='lat' dir='ltr'>se.</span> <span class='ocrx_word' id='word_1_221' title='bbox 573 2885 706 2952; x_wconf 77' lang='lat' dir='ltr'>(latalla</span> <span class='ocrx_word' id='word_1_222' title='bbox 732 2886 807 2971; x_wconf 83' lang='lat' dir='ltr'>ejus</span> <span class='ocrx_word' id='word_1_223' title='bbox 828 2885 909 2971; x_wconf 83' lang='lat' dir='ltr'>xviij</span> <span class='ocrx_word' id='word_1_224' title='bbox 924 2887 950 2949; x_wconf 86' lang='lat' dir='ltr'>s&#39;</span> <span class='ocrx_word' id='word_1_225' title='bbox 976 2888 1064 2972; x_wconf 85' lang='lat' dir='ltr'>vjd&#39;,</span> <span class='ocrx_word' id='word_1_226' title='bbox 1088 2889 1179 2952; x_wconf 92' lang='lat' dir='ltr'>unde</span> <span class='ocrx_word' id='word_1_227' title='bbox 1202 2888 1290 2956; x_wconf 88' lang='lat' dir='ltr'>vice·</span> 
     </span>
     <span class='ocr_line' id='line_1_28' title="bbox 144 2973 1290 3061; baseline 0.002 -21"><span class='ocrx_word' id='word_1_228' title='bbox 144 2994 254 3040; x_wconf 93' lang='lat' dir='ltr'>comes</span> <span class='ocrx_word' id='word_1_229' title='bbox 270 2976 481 3061; x_wconf 87' lang='lat' dir='ltr'>respondeat.</span> <span class='ocrx_word' id='word_1_230' title='bbox 526 2974 572 3039; x_wconf 81' lang='lat' dir='ltr'>Et</span> <span class='ocrx_word' id='word_1_231' title='bbox 583 2973 702 3038; x_wconf 84' lang='lat' dir='ltr'>villata</span> <span class='ocrx_word' id='word_1_232' title='bbox 717 2975 758 3039; x_wconf 91' lang='lat' dir='ltr'>de</span> <span class='ocrx_word' id='word_1_233' title='bbox 781 2973 1086 3040; x_wconf 85' lang='lat' dir='ltr'>Northcharleston</span> <span class='ocrx_word' id='word_1_234' title='bbox 1099 2997 1169 3041; x_wconf 94' lang='lat' dir='ltr'>non</span> <span class='ocrx_word' id='word_1_235' title='bbox 1184 2997 1290 3042; x_wconf 89' lang='lat' dir='ltr'>arres-</span> 
     </span>
     <span class='ocr_line' id='line_1_29' title="bbox 143 3061 583 3142; baseline -0.002 -15"><span class='ocrx_word' id='word_1_236' title='bbox 143 3062 232 3127; x_wconf 84' lang='lat' dir='ltr'>tavit</span> <span class='ocrx_word' id='word_1_237' title='bbox 247 3084 336 3142; x_wconf 90' lang='lat' dir='ltr'>eum,</span> <span class='ocrx_word' id='word_1_238' title='bbox 352 3062 428 3129; x_wconf 90' lang='lat' dir='ltr'>ideo</span> <span class='ocrx_word' id='word_1_239' title='bbox 443 3062 481 3125; x_wconf 94' lang='lat' dir='ltr'>in</span> <span class='ocrx_word' id='word_1_240' title='bbox 497 3061 583 3126; x_wconf 92' lang='lat' dir='ltr'>mis&#39;.</span> 
     </span>
    </p>
   </div>
   <div class='ocr_carea' id='block_1_6' title="bbox 142 3180 1398 3859">
    <p class='ocr_par' dir='ltr' id='par_1_6' title="bbox 143 3180 1398 3616">
     <span class='ocr_line' id='line_1_30' title="bbox 208 3180 1398 3268; baseline -0.002 -19"><span class='ocrx_word' id='word_1_241' title='bbox 208 3183 380 3249; x_wconf 87' lang='lat' dir='ltr'>Gilbertus</span> <span class='ocrx_word' id='word_1_242' title='bbox 408 3183 546 3268; x_wconf 84' lang='lat' dir='ltr'>Spinek,</span> <span class='ocrx_word' id='word_1_243' title='bbox 563 3183 664 3246; x_wconf 94' lang='lat' dir='ltr'>homo</span> <span class='ocrx_word' id='word_1_244' title='bbox 688 3181 771 3245; x_wconf 87' lang='lat' dir='ltr'>Adae</span> <span class='ocrx_word' id='word_1_245' title='bbox 786 3180 817 3247; x_wconf 94' lang='lat' dir='ltr'>le</span> <span class='ocrx_word' id='word_1_246' title='bbox 842 3180 1012 3262; x_wconf 86' lang='lat' dir='ltr'>Camhus&#39;,</span> <span class='ocrx_word' id='word_1_247' title='bbox 1035 3181 1195 3248; x_wconf 82' lang='lat' dir='ltr'>inventus</span> <span class='ocrx_word' id='word_1_248' title='bbox 1218 3182 1290 3247; x_wconf 84' lang='lat' dir='ltr'>fuit</span> <span class='ocrx_word' id='word_1_249' title='bbox 1392 3182 1398 3189; x_wconf 84' lang='grc'><strong>’</strong></span> 
     </span>
     <span class='ocr_line' id='line_1_31' title="bbox 143 3267 1290 3354; baseline -0.002 -18"><span class='ocrx_word' id='word_1_250' title='bbox 143 3271 271 3337; x_wconf 90' lang='lat' dir='ltr'>occisus</span> <span class='ocrx_word' id='word_1_251' title='bbox 295 3271 333 3334; x_wconf 93' lang='lat' dir='ltr'>in</span> <span class='ocrx_word' id='word_1_252' title='bbox 358 3290 453 3335; x_wconf 89' lang='lat' dir='ltr'>mora</span> <span class='ocrx_word' id='word_1_253' title='bbox 476 3271 518 3334; x_wconf 94' lang='lat' dir='ltr'>de</span> <span class='ocrx_word' id='word_1_254' title='bbox 543 3269 740 3334; x_wconf 88' lang='lat' dir='ltr'>Lemacton&#39;</span> <span class='ocrx_word' id='word_1_255' title='bbox 766 3267 893 3332; x_wconf 92' lang='lat' dir='ltr'>habens</span> <span class='ocrx_word' id='word_1_256' title='bbox 916 3268 1028 3353; x_wconf 89' lang='lat' dir='ltr'>plures</span> <span class='ocrx_word' id='word_1_257' title='bbox 1058 3269 1187 3354; x_wconf 87' lang='lat' dir='ltr'>plagas.</span> <span class='ocrx_word' id='word_1_258' title='bbox 1244 3271 1290 3334; x_wconf 82' lang='lat' dir='ltr'>Et</span> 
     </span>
     <span class='ocr_line' id='line_1_32' title="bbox 144 3355 1291 3442; baseline -0.001 -19"><span class='ocrx_word' id='word_1_259' title='bbox 144 3359 314 3424; x_wconf 89' lang='lat' dir='ltr'>Borardus</span> <span class='ocrx_word' id='word_1_260' title='bbox 326 3358 416 3422; x_wconf 90' lang='lat' dir='ltr'>filius</span> <span class='ocrx_word' id='word_1_261' title='bbox 431 3357 613 3436; x_wconf 77' lang='lat' dir='ltr'>Eldmundi‚</span> <span class='ocrx_word' id='word_1_262' title='bbox 623 3355 751 3442; x_wconf 86' lang='lat' dir='ltr'>primus</span> <span class='ocrx_word' id='word_1_263' title='bbox 763 3355 930 3434; x_wconf 87' lang='lat' dir='ltr'>inventor,</span> <span class='ocrx_word' id='word_1_264' title='bbox 947 3355 1041 3422; x_wconf 82' lang='lat' dir='ltr'>venit</span> <span class='ocrx_word' id='word_1_265' title='bbox 1056 3361 1091 3420; x_wconf 92' lang='lat' dir='ltr'>et</span> <span class='ocrx_word' id='word_1_266' title='bbox 1103 3379 1172 3422; x_wconf 93' lang='lat' dir='ltr'>non</span> <span class='ocrx_word' id='word_1_267' title='bbox 1187 3357 1291 3422; x_wconf 90' lang='lat' dir='ltr'>male-</span> 
     </span>
     <span class='ocr_line' id='line_1_33' title="bbox 144 3442 1290 3527; baseline -0.001 -17"><span class='ocrx_word' id='word_1_268' title='bbox 144 3445 303 3511; x_wconf 89' lang='lat' dir='ltr'>creditur.</span> <span class='ocrx_word' id='word_1_269' title='bbox 370 3444 531 3510; x_wconf 90' lang='lat' dir='ltr'>Nescitur</span> <span class='ocrx_word' id='word_1_270' title='bbox 567 3442 642 3527; x_wconf 92' lang='lat' dir='ltr'>quis</span> <span class='ocrx_word' id='word_1_271' title='bbox 680 3464 757 3507; x_wconf 90' lang='lat' dir='ltr'>eum</span> <span class='ocrx_word' id='word_1_272' title='bbox 806 3442 940 3507; x_wconf 87' lang='lat' dir='ltr'>occidit.</span> <span class='ocrx_word' id='word_1_273' title='bbox 1007 3443 1053 3507; x_wconf 82' lang='lat' dir='ltr'>Et</span> <span class='ocrx_word' id='word_1_274' title='bbox 1093 3443 1212 3508; x_wconf 87' lang='lat' dir='ltr'>villata</span> <span class='ocrx_word' id='word_1_275' title='bbox 1248 3446 1290 3509; x_wconf 91' lang='lat' dir='ltr'>de</span> 
     </span>
     <span class='ocr_line' id='line_1_34' title="bbox 144 3528 1289 3616; baseline -0.001 -19"><span class='ocrx_word' id='word_1_276' title='bbox 144 3534 339 3598; x_wconf 88' lang='lat' dir='ltr'>Lemacton’</span> <span class='ocrx_word' id='word_1_277' title='bbox 353 3553 422 3596; x_wconf 93' lang='lat' dir='ltr'>non</span> <span class='ocrx_word' id='word_1_278' title='bbox 447 3530 543 3596; x_wconf 83' lang='lat' dir='ltr'>venit</span> <span class='ocrx_word' id='word_1_279' title='bbox 557 3530 657 3616; x_wconf 87' lang='lat' dir='ltr'>plene</span> <span class='ocrx_word' id='word_1_280' title='bbox 681 3531 725 3594; x_wconf 87' lang='lat' dir='ltr'>ad</span> <span class='ocrx_word' id='word_1_281' title='bbox 748 3528 1014 3614; x_wconf 79' lang='lat' dir='ltr'>inquisitionem,</span> <span class='ocrx_word' id='word_1_282' title='bbox 1038 3530 1113 3597; x_wconf 93' lang='lat' dir='ltr'>ideo</span> <span class='ocrx_word' id='word_1_283' title='bbox 1140 3531 1177 3594; x_wconf 93' lang='lat' dir='ltr'>in</span> <span class='ocrx_word' id='word_1_284' title='bbox 1201 3532 1289 3596; x_wconf 89' lang='lat' dir='ltr'>mis&#39;.</span> 
     </span>
    </p>

    <p class='ocr_par' dir='ltr' id='par_1_7' title="bbox 142 3616 1291 3859">
     <span class='ocr_line' id='line_1_35' title="bbox 142 3616 1289 3702; baseline -0.001 -18"><span class='ocrx_word' id='word_1_285' title='bbox 142 3621 189 3684; x_wconf 80' lang='lat' dir='ltr'>Et</span> <span class='ocrx_word' id='word_1_286' title='bbox 213 3621 328 3685; x_wconf 86' lang='lat' dir='ltr'>villata</span> <span class='ocrx_word' id='word_1_287' title='bbox 351 3620 393 3685; x_wconf 92' lang='lat' dir='ltr'>de</span> <span class='ocrx_word' id='word_1_288' title='bbox 420 3619 587 3698; x_wconf 89' lang='lat' dir='ltr'>Preston&#39;,</span> <span class='ocrx_word' id='word_1_289' title='bbox 614 3617 694 3701; x_wconf 90' lang='lat' dir='ltr'>quia</span> <span class='ocrx_word' id='word_1_290' title='bbox 721 3637 790 3680; x_wconf 91' lang='lat' dir='ltr'>non</span> <span class='ocrx_word' id='word_1_291' title='bbox 814 3616 898 3680; x_wconf 87' lang='lat' dir='ltr'>fecit</span> <span class='ocrx_word' id='word_1_292' title='bbox 925 3620 1053 3681; x_wconf 87' lang='lat' dir='ltr'>sectam</span> <span class='ocrx_word' id='word_1_293' title='bbox 1079 3622 1157 3702; x_wconf 90' lang='lat' dir='ltr'>post</span> <span class='ocrx_word' id='word_1_294' title='bbox 1186 3618 1289 3684; x_wconf 83' lang='lat' dir='ltr'>male-</span> 
     </span>
     <span class='ocr_line' id='line_1_36' title="bbox 142 3703 1291 3791; baseline -0.003 -19"><span class='ocrx_word' id='word_1_295' title='bbox 142 3709 290 3772; x_wconf 85' lang='lat' dir='ltr'>factores</span> <span class='ocrx_word' id='word_1_296' title='bbox 314 3707 372 3791; x_wconf 92' lang='lat' dir='ltr'>qui</span> <span class='ocrx_word' id='word_1_297' title='bbox 402 3706 633 3791; x_wconf 84' lang='lat' dir='ltr'>burgaverunt</span> <span class='ocrx_word' id='word_1_298' title='bbox 659 3706 794 3769; x_wconf 92' lang='lat' dir='ltr'>domum</span> <span class='ocrx_word' id='word_1_299' title='bbox 819 3703 983 3767; x_wconf 89' lang='lat' dir='ltr'>Willelmi</span> <span class='ocrx_word' id='word_1_300' title='bbox 1013 3703 1123 3790; x_wconf 91' lang='lat' dir='ltr'>Hyde,</span> <span class='ocrx_word' id='word_1_301' title='bbox 1151 3705 1227 3772; x_wconf 90' lang='lat' dir='ltr'>ideo</span> <span class='ocrx_word' id='word_1_302' title='bbox 1254 3705 1291 3769; x_wconf 90' lang='lat' dir='ltr'>in</span> 
     </span>
     <span class='ocr_line' id='line_1_37' title="bbox 144 3797 231 3859; baseline 0.011 -1"><span class='ocrx_word' id='word_1_303' title='bbox 144 3797 231 3859; x_wconf 82' lang='lat' dir='ltr'>mis&#39;.</span> 
     </span>
    </p>
   </div>
   <div class='ocr_carea' id='block_1_7' title="bbox 143 3908 1392 4174">
    <p class='ocr_par' dir='ltr' id='par_1_8' title="bbox 143 3908 1392 4174">
     <span class='ocr_line' id='line_1_38' title="bbox 208 3908 1392 3999; baseline 0 -19"><span class='ocrx_word' id='word_1_304' title='bbox 208 3915 447 3981; x_wconf 85' lang='lat' dir='ltr'>Malefactores</span> <span class='ocrx_word' id='word_1_305' title='bbox 467 3913 580 3999; x_wconf 84' lang='lat' dir='ltr'>ignoti</span> <span class='ocrx_word' id='word_1_306' title='bbox 595 3913 826 3997; x_wconf 84' lang='lat' dir='ltr'>burgaverunt</span> <span class='ocrx_word' id='word_1_307' title='bbox 847 3913 985 3977; x_wconf 91' lang='lat' dir='ltr'>domum</span> <span class='ocrx_word' id='word_1_308' title='bbox 1000 3911 1082 3977; x_wconf 78' lang='lat' dir='ltr'>Elia</span> <span class='ocrx_word' id='word_1_309' title='bbox 1097 3912 1158 3976; x_wconf 84' lang='lat' dir='ltr'>lilii</span> <span class='ocrx_word' id='word_1_310' title='bbox 1172 3912 1290 3980; x_wconf 82' lang='lat' dir='ltr'>Aliciae</span> <span class='ocrx_word' id='word_1_311' title='bbox 1388 3908 1392 3915; x_wconf 69' lang='grc'><strong><em>’</em></strong></span> 
     </span>
     <span class='ocr_line' id='line_1_39' title="bbox 143 3999 1288 4085; baseline -0.002 -18"><span class='ocrx_word' id='word_1_312' title='bbox 143 4005 180 4067; x_wconf 93' lang='lat' dir='ltr'>in</span> <span class='ocrx_word' id='word_1_313' title='bbox 194 4003 409 4083; x_wconf 89' lang='lat' dir='ltr'>Burneston&#39;‚</span> <span class='ocrx_word' id='word_1_314' title='bbox 426 4007 461 4067; x_wconf 91' lang='lat' dir='ltr'>et</span> <span class='ocrx_word' id='word_1_315' title='bbox 475 4003 564 4066; x_wconf 93' lang='lat' dir='ltr'>bona</span> <span class='ocrx_word' id='word_1_316' title='bbox 580 4022 640 4064; x_wconf 89' lang='lat' dir='ltr'>sua</span> <span class='ocrx_word' id='word_1_317' title='bbox 654 3999 692 4062; x_wconf 93' lang='lat' dir='ltr'>in</span> <span class='ocrx_word' id='word_1_318' title='bbox 714 3999 832 4064; x_wconf 87' lang='lat' dir='ltr'>eadem</span> <span class='ocrx_word' id='word_1_319' title='bbox 855 4000 994 4064; x_wconf 83' lang='lat' dir='ltr'>inventa</span> <span class='ocrx_word' id='word_1_320' title='bbox 1017 4003 1288 4085; x_wconf 84' lang='lat' dir='ltr'>asportaverunt.</span> 
     </span>
     <span class='ocr_line' id='line_1_40' title="bbox 143 4086 1290 4174; baseline -0.003 -18"><span class='ocrx_word' id='word_1_321' title='bbox 143 4091 304 4156; x_wconf 87' lang='lat' dir='ltr'>Nescitur</span> <span class='ocrx_word' id='word_1_322' title='bbox 330 4090 388 4174; x_wconf 89' lang='lat' dir='ltr'>qui</span> <span class='ocrx_word' id='word_1_323' title='bbox 416 4091 569 4155; x_wconf 84' lang='lat' dir='ltr'>fuerunt.</span> <span class='ocrx_word' id='word_1_324' title='bbox 615 4088 661 4150; x_wconf 80' lang='lat' dir='ltr'>Et</span> <span class='ocrx_word' id='word_1_325' title='bbox 675 4086 796 4151; x_wconf 83' lang='lat' dir='ltr'>villata</span> <span class='ocrx_word' id='word_1_326' title='bbox 826 4087 866 4151; x_wconf 93' lang='lat' dir='ltr'>de</span> <span class='ocrx_word' id='word_1_327' title='bbox 891 4086 1096 4152; x_wconf 89' lang='lat' dir='ltr'>Burneston&#39;</span> <span class='ocrx_word' id='word_1_328' title='bbox 1122 4108 1190 4152; x_wconf 93' lang='lat' dir='ltr'>non</span> <span class='ocrx_word' id='word_1_329' title='bbox 1204 4087 1290 4154; x_wconf 80' lang='lat' dir='ltr'>fecit</span> 
     </span>
    </p>
   </div>
   <div class='ocr_carea' id='block_1_8' title="bbox 143 4175 1378 4380">
    <p class='ocr_par' dir='ltr' id='par_1_9' title="bbox 143 4175 1378 4380">
     <span class='ocr_line' id='line_1_41' title="bbox 143 4175 527 4259; baseline -0.008 -17"><span class='ocrx_word' id='word_1_330' title='bbox 143 4182 280 4259; x_wconf 84' lang='lat' dir='ltr'>sectam,</span> <span class='ocrx_word' id='word_1_331' title='bbox 296 4179 374 4242; x_wconf 89' lang='lat' dir='ltr'>ideo</span> <span class='ocrx_word' id='word_1_332' title='bbox 388 4178 425 4240; x_wconf 90' lang='lat' dir='ltr'>in</span> <span class='ocrx_word' id='word_1_333' title='bbox 441 4175 527 4240; x_wconf 92' lang='lat' dir='ltr'>mis&#39;.</span> 
     </span>
     <span class='ocr_line' id='line_1_42' title="bbox 207 4294 1378 4380; baseline -0.003 -14"><span class='ocrx_word' id='word_1_334' title='bbox 207 4301 291 4380; x_wconf 78' lang='lat' dir='ltr'>Eda,</span> <span class='ocrx_word' id='word_1_335' title='bbox 315 4321 401 4365; x_wconf 82' lang='lat' dir='ltr'>uxor</span> <span class='ocrx_word' id='word_1_336' title='bbox 423 4297 565 4365; x_wconf 86' lang='lat' dir='ltr'>Hernici</span> <span class='ocrx_word' id='word_1_337' title='bbox 595 4297 627 4362; x_wconf 91' lang='lat' dir='ltr'>le</span> <span class='ocrx_word' id='word_1_338' title='bbox 650 4297 775 4361; x_wconf 89' lang='lat' dir='ltr'>Muner</span> <span class='ocrx_word' id='word_1_339' title='bbox 804 4296 845 4360; x_wconf 89' lang='lat' dir='ltr'>de</span> <span class='ocrx_word' id='word_1_340' title='bbox 883 4294 1001 4376; x_wconf 87' lang='lat' dir='ltr'>Lucre,</span> <span class='ocrx_word' id='word_1_341' title='bbox 1040 4295 1217 4380; x_wconf 89' lang='lat' dir='ltr'>suspendit</span> <span class='ocrx_word' id='word_1_342' title='bbox 1254 4319 1290 4363; x_wconf 90' lang='lat' dir='ltr'>se</span> <span class='ocrx_word' id='word_1_343' title='bbox 1351 4314 1378 4361; x_wconf 56' lang='grc' dir='ltr'>κ’</span> 
     </span>
    </p>
   </div>
   <div class='ocr_carea' id='block_1_9' title="bbox 210 4447 1207 4523">
    <p class='ocr_par' dir='ltr' id='par_1_10' title="bbox 210 4447 1207 4523">
     <span class='ocr_line' id='line_1_43' title="bbox 210 4447 1207 4523; baseline -0.006 -14"><span class='ocrx_word' id='word_1_344' title='bbox 210 4456 218 4490; x_wconf 85' lang='lat'>¹</span> <span class='ocrx_word' id='word_1_345' title='bbox 236 4455 359 4523; x_wconf 71' lang='lat' dir='ltr'>Opposita</span> <span class='ocrx_word' id='word_1_346' title='bbox 369 4456 397 4506; x_wconf 89' lang='lat' dir='ltr'>tc</span> <span class='ocrx_word' id='word_1_347' title='bbox 407 4454 479 4507; x_wconf 85' lang='lat' dir='ltr'>those</span> <span class='ocrx_word' id='word_1_348' title='bbox 489 4467 578 4506; x_wconf 81' lang='lat' dir='ltr'>names</span> <span class='ocrx_word' id='word_1_349' title='bbox 588 4450 617 4503; x_wconf 90' lang='lat' dir='ltr'>in</span> <span class='ocrx_word' id='word_1_350' title='bbox 626 4451 673 4505; x_wconf 87' lang='lat' dir='ltr'>the</span> <span class='ocrx_word' id='word_1_351' title='bbox 684 4448 787 4516; x_wconf 76' lang='lat' dir='ltr'>margin</span> <span class='ocrx_word' id='word_1_352' title='bbox 798 4447 820 4500; x_wconf 81' lang='lat' dir='ltr'>is</span> <span class='ocrx_word' id='word_1_353' title='bbox 832 4448 877 4500; x_wconf 87' lang='lat' dir='ltr'>the</span> <span class='ocrx_word' id='word_1_354' title='bbox 888 4448 953 4501; x_wconf 77' lang='lat' dir='ltr'>fatal</span> <span class='ocrx_word' id='word_1_355' title='bbox 965 4448 1022 4498; x_wconf 78' lang='lat' dir='ltr'>“e”</span> <span class='ocrx_word' id='word_1_356' title='bbox 1033 4451 1075 4501; x_wconf 83' lang='lat' dir='ltr'>for</span> <span class='ocrx_word' id='word_1_357' title='bbox 1085 4455 1207 4516; x_wconf 62' lang='lat' dir='ltr'>empna.</span> 
     </span>
    </p>
   </div>
   <div class='ocr_carea' id='block_1_10' title="bbox 0 0 1482 4988">
    <p class='ocr_par' dir='ltr' id='par_1_11' title="bbox 0 0 1482 4988">
     <span class='ocr_line' id='line_1_44' title="bbox 0 0 1482 4988; baseline 0 0"><span class='ocrx_word' id='word_1_358' title='bbox 0 0 1482 4988; x_wconf 95' lang='lat' dir='ltr'> </span> 
     </span>
    </p>
   </div>
  </div>
 </body>
</html>
