2956 4988
308 460 421 506 rssrza
445 462 543 523 nomn,
568 464 904 527 noarnmrnananrn,
929 446 971 510 53
994 467 1076 512 nan.
1100 468 1155 511 111.
1245 446 1307 512 157

225 616 341 683 Simon
371 616 459 682 filias
475 617 629 686 Waldevi
652 621 694 685 de
716 620 877 702 Eworth',
895 621 952 706 qui
975 621 1058 686 tulit
1078 621 1175 689 breve
1191 622 1233 688 de
1247 642 1311 688 avo

157 724 273 770 versus
287 705 310 769 J
312 705 479 771 ohannem
495 706 603 771 filium
618 708 792 792 Ranulphi
808 708 902 772 Brun
924 712 960 773 et
983 710 1065 775 alios
1088 709 1124 773 in
1148 710 1241 776 brevi
1264 711 1307 777 de

157 793 352 858 tenemento
367 793 402 856 in
419 794 593 874 Eworth',¹
606 793 682 859 ideo
697 796 768 880 ipse
784 799 819 859 et
830 795 935 880 plegii
951 797 1004 861 sui
1019 798 1061 862 de
1076 799 1309 882 prosequendo

157 879 193 942 in
223 881 310 962 mis’,
337 880 478 961 scilicet,
505 881 696 947 Willclmus
727 883 769 947 (16
798 883 974 948 Faundon'
1000 889 1034 950 et
1064 884 1236 951 Walterus
1267 887 1308 953 de

157 967 285 1032 eadem.

221 1113 340 1179 Assisa
363 1114 458 1180 venit
481 1114 699 1199 recognitura
715 1115 745 1180 si
760 1116 857 1180 Eudo
884 1117 925 1183 de
950 1117 1136 1199 Belshowe,
1159 1118 1307 1184 Thomas

157 1204 198 1269 de
222 1201 350 1283 Insula,
375 1202 542 1267 Ricardus
569 1203 610 1266 de
633 1203 668 1266 la
692 1203 801 1288 Haye‚
822 1204 968 1269 Thomas
985 1205 1026 1271 (16
1041 1206 1230 1291 Beynhall’,
1247 1207 1306 1273 Jo-

156 1292 273 1354 hanna
288 1289 445 1370 Bataille,
461 1290 610 1370 Juliana,
627 1311 721 1355 soror
735 1291 820 1374 ejas,
841 1296 876 1356 et
885 1291 1077 1356 Willelmus
1093 1294 1135 1357 de
1150 1293 1307 1359 Haulton

155 1378 282 1462 injuste
305 1380 340 1442 et
363 1377 435 1440 sine
457 1376 586 1461 judicio
602 1378 858 1444 dissaisiverunt
874 1379 1045 1462 Rogerum
1062 1380 1104 1445 de
1120 1381 1256 1466 Inghou
1272 1387 1307 1448 et

157 1465 361 1543 lohannam,
378 1486 516 1529 uxorem
533 1466 617 1548 ejus,
634 1465 675 1529 de
690 1464 796 1530 libero
820 1469 1017 1532 tenemento
1033 1488 1094 1532 suo
1110 1467 1145 1530 in
1160 1469 1306 1533 Nether-

156 1552 240 1633 ton',
256 1554 334 1635 post
348 1552 503 1635 primam,
520 1556 584 1618 etc.
623 1553 669 1615 Et
683 1553 773 1616 unde
786 1553 940 1636 queritur
951 1555 1039 1638 quod
1052 1554 1308 1620 disseisiverunt

157 1661 213 1704 eos
238 1640 279 1702 de
307 1639 487 1703 medietate
514 1639 657 1703 manerii
684 1640 725 1706 de
752 1639 956 1705 Netherton'
978 1663 1055 1706 cum
1076 1643 1306 1726 pertinentiis.

58 1736 62 1741 “
156 1728 201 1791 111
223 1725 337 1789 nullus
356 1748 475 1806 ,eorum
491 1728 585 1791 venit
600 1730 724 1810 praeter
738 1728 916 1812 praedietos
933 1729 1109 1793 liudonem
1126 1730 1305 1795 6111111161-

156 1836 259 1878 mum.
306 1815 351 1877 111
380 1814 541 1898 praedicta
568 1815 727 1878 Johanna
753 1815 908 1900 Bataylle
934 1816 1003 1880 fuit
1032 1818 1223 1881 attachiata
1247 1840 1307 1903 per

156 1902 327 1984 Rogerum
344 1899 455 1965 Grene
471 1902 512 1965 de
527 1901 736 1980 Nedderton,
753 1906 788 1966 61
803 1902 825 1966 J
827 1902 942 1966 uliana
956 1904 1027 1968 fuit
1042 1905 1232 1969 attachiata
1247 1927 1308 1989 per

156 1988 373 2071 Radulphum
400 1988 441 2051 de
469 1988 567 2072 Hega
586 1993 622 2053 et
642 1989 751 2052 Adam
772 1990 917 2053 Brastur
935 1991 976 2054 de
998 1991 1206 2071 Nedderton,
1229 1992 1307 2057 ideo

156 2076 221 2159 ipsi
236 2075 272 2138 in
289 2075 375 2138 mis’.
421 2076 467 2139 Et
482 2075 632 2159 p1aedicti
648 2076 795 2140 Thomas
812 2080 847 2140 et
862 2077 920 2140 alii
936 2099 1005 2141 non
1020 2083 1102 2142 sunt
1123 2078 1306 2143 attachiati

157 2162 234 2247 quia
256 2183 322 2226 non
345 2162 486 2226 fuerunt
506 2163 645 2226 inventi.
691 2163 772 2226 Ideo
799 2165 953 2247 capiatur
980 2164 1087 2229 assisa
1110 2187 1224 2230 versus
1250 2187 1306 2231 eos

156 2271 215 2334 per
227 2249 402 2314 defaltam.
442 2250 563 2313 Postea
576 2249 669 2313 venit
680 2251 859 2333 praedictus
875 2252 1062 2316 Willelmus
1075 2256 1109 2316 et
1124 2255 1305 2337 respondet

155 2357 216 2422 pro
240 2358 275 2400 se
299 2339 334 2399 et
361 2336 517 2400 omnibus
539 2336 625 2415 aliis,
642 2340 677 2400 61
692 2336 776 2400 dicit
792 2338 880 2421 quod
900 2339 1005 2402 assisa
1020 2361 1089 2403 non
1106 2340 1206 2404 debet
1222 2340 1303 2406 inde

155 2424 228 2488 fieri
240 2424 319 2507 quia
328 2421 412 2488 dicit
422 2424 510 2506 quod
519 2424 699 2507 pradictus
710 2425 872 2508 Rogems,
887 2425 937 2488 vir
948 2426 1115 2510 praedictae
1125 2427 1147 2491 J
1149 2428 1303 2509 ohannae,

156 2532 328 2595 nunquam
344 2509 414 2574 fuit
427 2511 464 2572 in
479 2510 603 2574 seisina
615 2511 656 2575 de
668 2511 829 2594 proedicto
840 2515 1045 2593 tenemento,
1059 2513 1109 2577 ita
1121 2516 1209 2598 quod
1225 2516 1305 2581 inde

155 2603 271 2683 posset
287 2597 460 2675 disseisiri,
488 2601 524 2661 et
544 2599 624 2681 quia
648 2598 802 2683 praedicti
826 2600 980 2684 Rogerus
1003 2606 1037 2664 61
1058 2601 1217 2665 Johanna
1233 2624 1304 2666 non

155 2684 1305 2841 111111ἰο111ἒὲ11(151311111111111111

155 2794 214 2943 1161
229 2859 370 2923 assisam
386 2858 500 2937 istam,
517 2821 569 2922 se’t
584 2859 654 2922 sint
669 2794 797 2923 ingmis'
813 2882 874 2944 pro
888 2861 977 2925 falso
993 2861 1147 2929 clamore.
1204 2799 1226 2860 p
1242 2799 1286 2842 an

220 3005 358 3084 Oecilia,
376 3027 449 3089 quae
465 3005 535 3069 fuit
550 3027 635 3069 uxor
650 3006 787 3070 Thomas
803 3007 844 3070 de
859 3007 1116 3093 Aldensehelys,
1134 3031 1207 3093 quae
1223 3010 1306 3074 tulit

155 3093 254 3156 breve
270 3094 310 3157 de
327 3093 481 3157 custodia
496 3113 610 3156 versus
626 3093 788 3157 Thomam
807 3094 846 3159 (16
862 3094 1151 3180 Blenchesthorp’,
1167 3117 1236 3160 non
1252 3102 1304 3163 est

155 3186 344 3264 prosecuta,
360 3180 437 3243 ideo
453 3181 524 3264 ipse
544 3181 611 3260 (sic)
631 3185 665 3243 et
680 3180 785 3265 plegii
801 3181 852 3244 sui
869 3183 910 3245 de
925 3184 1158 3266 prosequendo
1169 3185 1205 3247 in
1218 3184 1305 3265 mis',

155 3267 295 3346 scilicet,
320 3268 430 3330 Adam
456 3268 497 3330 de
522 3267 701 3352 Mychelay
725 3271 760 3331 et
784 3267 959 3333 Johannes
984 3270 1025 3334 de
1049 3270 1212 3335 Vallibus.
1258 3273 1304 3337 111

154 3354 301 3419 Thomas
316 3354 396 3417 inde
413 3353 485 3418 sine
501 3355 564 3418 (116.

220 3492 367 3556 Thomas
391 3492 432 3555 de
455 3491 691 3576 Sumyleburn’
715 3492 800 3575 petit
821 3513 936 3557 versus
952 3493 1124 3579 Rogerum
1139 3495 1253 3580 Nypet
1268 3501 1304 3561 61

155 3579 308 3658 Elenam,
326 3599 464 3663 uxorem
487 3580 570 3662 ejus,
594 3579 810 3643 medietatem
828 3580 929 3643 unius
946 3581 1112 3666 mesuagii
1128 3587 1162 3647 61
1178 3583 1303 3650 duode-

156 3666 220 3730 cim
237 3687 332 3730 acras
348 3668 447 3729 terra
462 3687 538 3730 cum
560 3665 777 3749 pertinentiis
796 3667 832 3728 in
856 3666 1050 3751 Ulkystnn',
1067 3673 1106 3733 ut
1121 3669 1178 3752 jus
1195 3692 1304 3751 suum,

155 3758 220 3818 etc.
266 3753 311 3817 111
336 3753 490 3837 Rogerus
516 3753 610 3816 venit
637 3756 672 3816 et
697 3754 849 3836 quaedam
873 3753 1044 3834 Alienora,
1067 3777 1152 3820 uxor
1166 3757 1253 3840 ejus,
1270 3762 1305 3822 et

155 3841 345 3904 defendunt
372 3842 429 3923 jus
460 3861 569 3918 suum,
600 3840 746 3922 quando,
774 3845 838 3904 etc.
891 3841 937 3904 Et
968 3842 1086 3906 dicunt
1116 3844 1205 3926 quod
1236 3866 1305 3910 non

155 3927 280 3990 debent
306 3928 404 3990 eiad
431 3927 495 3992 hoc
522 3927 620 3992 breve
646 3929 858 4010 respondere,
886 3929 966 4010 quia
992 3929 1110 3992 dieunt
1133 3932 1222 4014 quod
1245 3933 1303 3996 ubi

155 4015 334 4098 pradictus
361 4014 508 4077 Thomas
534 4013 623 4096 petit
647 4034 707 4097 per
731 4014 829 4077 breve
856 4036 955 4078 suum
984 4037 1099 4080 versus
1125 4018 1305 4101 praedictos

155 4102 327 4185 Rogerum
349 4108 383 4164 et
404 4100 546 4164 Elenam
566 4100 727 4184 praedicta
745 4106 952 4181 tenementa,
973 4103 1092 4167 dicunt
1114 4106 1202 4187 qdod
1223 4127 1305 4189 prae-

155 4189 246 4253 dicta
269 4188 430 4251 Alienora
452 4208 520 4252 non
540 4192 680 4251 vocatur
702 4187 819 4267 Elena,
836 4188 925 4252 unde
941 4195 1063 4274 petunt
1078 4191 1245 4275 judicium
1261 4193 1302 4257 de

153 4274 255 4340 brevi.
301 4277 346 4338 Et
362 4275 508 4339 Thomas
525 4295 591 4337 non
608 4276 723 4357 potest
742 4275 806 4340 hoc
827 4275 991 4357 dedicere,
1013 4278 1089 4342 ideo
1112 4279 1301 4343 considera·

526 4447 534 4481 ¹
552 4447 650 4515 supply
661 4451 729 4500 (16111
740 4453 764 4500 et
774 4453 885 4500 retranit
895 4465 929 4501 se.
