2956 4988
273 488 387 532 assrau
410 488 508 548 noan,
532 488 873 547 nosranuasanann,
896 469 940 532 40
963 489 1046 533 ann.
1069 489 1124 534 m.
1237 468 1278 534 79

122 642 275 709 Tinctor'
298 641 546 723 de·Wolloure,
573 646 608 708 et
637 642 825 707 decollatus
854 643 935 724 fuit,
960 647 1124 728 praesente
1154 643 1279 709 ballivo

123 730 253 795 domini
269 730 384 816 Regis,
401 734 436 796 et
459 729 641 816 praedictus
667 751 773 814 equus
793 729 999 796 deliberatus
1023 730 1093 794 fuit
1117 730 1280 815 praedicto

122 817 297 883 Willelmo
312 818 372 901 qui
388 818 595 901 sequebatur
609 837 670 902 pro
686 838 772 900 equo
787 816 846 881 illo
862 818 898 880 in
914 817 1016 901 pleno
1031 818 1208 882 comitatu.

190 957 342 1040 Rogerus
365 954 397 1018 le
421 954 520 1038 Lung
543 954 585 1018 de
603 954 739 1018 Wittou
764 958 799 1019 et
814 953 989 1020 Walterns
1015 955 1057 1018 de
1081 953 1217 1020 Scheles
1239 956 1280 1021 de

122 1043 241 1108 eadem
256 1043 511 1107 submerserunt
527 1041 568 1106 de
584 1041 716 1105 duobus
731 1041 826 1124 equis
842 1041 877 1105 in
900 1062 989 1124 aqua
1011 1043 1052 1107 de
1067 1042 1280 1127 Wanespilr'l

123 1131 222 1215 juxta
238 1128 402 1194 Midford.
447 1127 570 1192 Nullus
586 1128 665 1192 inde
683 1128 930 1193 malecreditur.
968 1129 1153 1210 iudicium,
1169 1129 1279 1194 infor-

123 1216 271 1280 tunium.
306 1215 462 1280 Precium
479 1234 641 1298 equorum
657 1215 702 1299 xij
713 1216 751 1294 s',
763 1215 854 1279 unde
863 1215 1048 1280 vicecomes
1064 1217 1278 1300 respondeat.

124 1305 172 1367 nt
187 1303 234 1388 xij
252 1303 422 1387 juratores
439 1302 698 1366 coneelaverunt
712 1302 892 1387 praedictos
912 1323 1026 1386 equos,
1043 1302 1119 1367 ideo
1140 1303 1177 1367 in
1192 1303 1280 1368 mis'.

124 1391 292 1455 Ricardus
318 1388 408 1453 filins
428 1387 575 1453 Walteri
598 1388 811 1453 attachiatur
837 1410 877 1454 eo
903 1391 994 1473 quod
1017 1411 1165 1474 praesens
1187 1390 1258 1453 fuit
1270 1416 1279 1470 ;

125 1478 219 1543 venit
234 1480 270 1542 et
284 1496 352 1540 non
367 1475 617 1556 malecreditur,
633 1476 710 1542 ideo
725 1476 872 1559 quietus.

254 1704 427 1786 ¹Vrnna'ra
450 1726 495 1769 nu
520 1703 785 1769 warrantum
808 1725 911 1768 vaura
933 1725 1001 1769 rna
1023 1708 1129 1769 mrim.

191 1840 415 1908 Ooronatores
442 1844 479 1907 et
505 1843 687 1908 comitatus
708 1846 919 1926 praesentant
944 1843 1034 1926 quod
1059 1842 1215 1909 homines
1240 1843 1282 1908 de

127 1929 330 1993 Warnemue
346 1950 415 1993 non
429 1929 636 2012 permittunt
651 1929 791 1994 ballivos
807 1930 936 1994 domini
951 1930 1058 2015 Regis
1071 1951 1133 1996 uec
1143 1950 1283 1995 corona-

127 2018 216 2079 tores
231 2015 360 2082 intrare
376 2017 413 2079 in
428 2016 546 2081 eadem
561 2016 642 2081 villa
658 2017 701 2081 ad
722 2016 972 2083 districtionem
996 2016 1203 2097 faciendum,
1220 2037 1283 2081 nec
1362 2040 1374 2093 1¹

127 2100 275 2185 aliquod,
292 2103 382 2186 quod
404 2102 555 2186 pertinet
576 2104 620 2167 ad
636 2124 795 2168 coronam
811 2104 941 2168 domini
957 2104 1075 2189 Regis.
1121 2104 1167 2166 Et
1182 2123 1284 2187 super
1363 2106 1372 2185 ’χ

127 2188 191 2253 hoc
219 2189 400 2274 proferunt
428 2194 558 2256 cartam
588 2190 718 2255 domini
752 2191 870 2276 Regis,
902 2212 975 2275 quae
1012 2194 1161 2258 testatur
1190 2190 1281 2274 quod
1371 2192 1375 2231 '-

128 2275 285 2340 dominus
301 2276 374 2343 Rex
390 2277 559 2342 concessit
570 2277 620 2342 eis
631 2281 765 2342 tantam
781 2278 985 2358 libertatem,
1001 2280 1164 2362 quantam
1180 2277 1285 2343 etiam

128 2362 246 2426 villata
261 2363 302 2429 de
318 2363 415 2428 Novo
430 2362 552 2429 Castro
567 2364 670 2431 habet
685 2385 747 2448 per
761 2370 891 2430 cartam
908 2365 1037 2430 domini
1053 2365 1170 2449 Regis.

192 2498 416 2564 Deomnibus
432 2499 592 2585 capitulis
608 2500 728 2565 dicunt
742 2501 832 2585 quod
847 2501 955 2566 nichil
970 2500 1093 2580 sciunt,
1110 2502 1162 2565 set
1183 2500 1285 2564 finem

128 2585 285 2652 fecerunt
298 2607 361 2672 pro
376 2587 646 2672 transgressione
660 2608 722 2674 par
736 2588 750 2673 j
763 2590 820 2654 m’.

458 2809 599 2874 Bunsus
622 2830 668 2873 na
691 2810 790 2875 Novo
812 2811 957 2875 Cascae.

194 2936 247 3002 De
262 2938 327 3003 fine
343 2937 432 3004 Novi
447 2937 559 3004 Castri
574 2959 635 3023 pro
651 2940 923 3026 transgressione
938 2960 983 3003 ar
995 2940 1050 3005 m’.

194 3074 217 3138 J
218 3079 371 3141 aratores
386 3081 594 3161 praesentant
608 3078 699 3162 quod
716 3078 907 3144 Willelmus
922 3078 964 3143 de
980 3077 1089 3144 Ponte
1106 3076 1229 3142 cecidit
1243 3077 1286 3143 de

131 3162 276 3245 quodam
301 3183 387 3247 equo
413 3164 450 3227 in
476 3186 564 3248 aqua
582 3165 624 3230 de
640 3165 733 3250 Tyne
750 3169 786 3230 et
810 3165 1004 3230 submersus
1024 3164 1105 3229 fuit.
1151 3164 1286 3229 Primus

131 3248 287 3313 inventor
303 3250 395 3314 veuit
410 3256 445 3315 et
460 3273 529 3317 non
546 3252 795 3332 malecreditur,
811 3273 874 3317 nec
895 3251 1017 3335 aliquis
1045 3251 1142 3316 alius.
1188 3251 1211 3315 J
1212 3251 1286 3315 udi·

131 3335 230 3415 cium,
260 3336 501 3405 infortunium.
561 3339 718 3405 Precium
748 3338 826 3424 equi
856 3338 942 3423 jm’,
972 3339 1064 3404 nude
1100 3339 1287 3404 vicecomes

131 3423 346 3507 respondeat.

196 3561 326 3626 Alanus
353 3561 478 3628 Cowan
501 3563 594 3649 fugit
618 3565 662 3629 ad
685 3564 862 3630 ecclesiam
888 3565 1022 3630 Sanctae
1047 3563 1165 3629 Mariae
1187 3563 1288 3650 Mag·
1308 3582 1355 3639 s

132 3647 270 3729 dalenae,
287 3653 323 3715 et
347 3651 508 3733 cognovit
531 3672 567 3717 se
594 3672 668 3717 esse
693 3650 861 3716 latronem
886 3655 921 3715 et
944 3650 1118 3734 abjuravit
1143 3671 1288 3736 regnum

132 3754 243 3800 eoram
259 3740 466 3804 coronatore.
521 3737 655 3804 Catella
669 3738 745 3823 ejus
761 3737 846 3823 xviij
859 3738 891 3801 d’
918 3737 1038 3823 [unde]
1063 3737 1182 3802 villata
1199 3737 1288 3803 Novi

132 3820 245 3887 Castri
259 3825 472 3907 respondeat.

196 3961 344 4025 Thomas
368 3960 458 4026 filius
485 3961 623 4027 Thomas
647 3962 771 4028 cecidit
794 3962 836 4026 dc
860 3960 1008 4045 quadam
1032 3960 1216 4046 pnmeria,³
1238 3961 1289 4027 ita

132 4047 222 4130 quod
234 4047 354 4112 statim
364 4047 460 4113 obiit.
494 4049 630 4114 Primus
639 4048 798 4114 inventor
809 4050 902 4114 venit
913 4051 949 4114 et
959 4069 1029 4113 non
1038 4047 1290 4130 malecreditur,

166 4201 174 4232 ¹
191 4201 271 4254 Rivsr
282 4202 435 4254 Wausbsck.
735 4203 800 4255 time
812 4202 841 4255 os
848 4202 894 4254 tha
906 4200 976 4253 Inrd
989 4200 1082 4266 Hsnry
1096 4200 1202 4269 (Heury
1211 4203 1289 4267 HL),

166 4266 176 4298 ²
192 4267 249 4320 'I'he
259 4267 323 4334 jury
334 4284 379 4333 say
391 4269 449 4321 that
460 4269 578 4321 William
589 4269 686 4323 Harun
736 4271 823 4322 father
834 4269 862 4319 of
880 4269 926 4319 the
943 4267 1018 4333 Kiug
1031 4267 1090 4318 that
1102 4284 1158 4319 now
1169 4269 1191 4322 is
1205 4272 1289 4332 (Hus-

132 4335 225 4386 caussd
244 4338 272 4385 tc
292 4336 325 4386 be
344 4334 412 4386 built
430 4352 446 4387 a
463 4336 564 4388 certain
583 4337 628 4388 vill
649 4339 685 4404 by
736 4339 800 4388 ἀνιῶ
811 4336 882 4398 sou,
894 4334 943 4385 vol.
956 4333 993 4396 ii,
1003 4349 1028 4398 p.
1041 4332 1096 4398 20).

134 4416 209 4452 name
222 4400 384 4453 Warnmsws
396 4402 424 4453 in
439 4402 485 4455 tha
500 4418 619 4454 common
630 4418 686 4469 pas·
771 4401 782 4434 ⁸
800 4404 962 4466 Paeonias
976 4399 1124 4467 plum-tras.

134 4471 194 4521 turs
209 4468 237 4519 ol
256 4467 302 4520 tho
313 4467 359 4519 vill
375 4468 404 4521 ol
422 4467 574 4537 Bsmburgh
592 4469 622 4523 in
641 4468 687 4522 tho
