2956 4988
289 450 405 496 asaias
428 450 526 512 aona,
549 449 887 511 roarnuuasamrm,
911 431 952 495 53
975 451 1057 498 aas.
1080 450 1135 498 ιιι.
1217 429 1281 495 179

131 606 221 671 sicut
253 606 353 673 breve
385 605 480 671 dicit.
524 605 607 671 Ideo
640 605 891 671 consideratum
922 608 976 670 est
1003 605 1094 691 quod
1119 605 1282 691 praedicta

130 693 297 779 Dyonisia
320 696 496 778 recuperet
520 692 688 778 seysinam
705 713 800 757 suam
815 691 1001 778 pervisum
1016 693 1280 779 recognitorum,

131 785 166 845 et
181 781 357 846 Johannes
373 781 407 843 in
424 779 510 845 mis’.

196 868 354 952 Dampna
369 867 438 932 xls’
455 872 538 931 tunc
553 870 664 951 capta.

196 1023 327 1087 Alanus
342 1023 374 1087 le
390 1022 532 1087 Provost
547 1022 589 1086 de
604 1021 810 1101 Thorntone,
824 1021 1017 1086 Willelmus
1027 1021 1116 1086 fflius
1130 1021 1281 1102 Hemici,

131 1110 278 1175 Thomas
304 1111 346 1176 de
373 1110 540 1175 Redwode
565 1109 606 1174 de
632 1108 840 1188 Thomtone,
863 1113 897 1172 et
917 1108 1093 1173 Johannes
1109 1108 1230 1174 Rudde
1245 1109 1282 1172 in

130 1198 206 1261 mis’
222 1197 381 1281 quianon
393 1197 586 1261 habuerunt
599 1195 808 1262 Willelmum
820 1197 861 1262 de
876 1195 1005 1274 Insula,
1016 1217 1116 1279 quem
1125 1216 1282 1261 manuce-

129 1292 255 1368 perunt
280 1286 324 1348 ad
349 1283 619 1368 respondendum
640 1282 777 1348 Thomas
792 1283 834 1349 de
850 1282 1076 1367 Dyvelestone
1094 1283 1136 1346 dc
1155 1282 1283 1368 placito

132 1371 249 1437 debiti.

196 1524 370 1589 Johannes
407 1525 448 1591 de
483 1524 632 1588 Hirlawe
665 1522 792 1607 optulit
823 1544 859 1588 se
892 1544 1008 1588 versus
1041 1524 1207 1590 Thomam
1240 1525 1282 1589 de

130 1612 280 1696 Echwyk
304 1612 344 1677 de
369 1611 493 1696 placito
520 1613 609 1696 quod
632 1610 751 1675 reddat
766 1610 797 1674 ei
813 1610 987 1676 duodecim
1005 1632 1136 1676 marcas
1151 1633 1235 1697 quas
1251 1610 1283 1675 ei

131 1699 242 1777 debet,
267 1704 302 1764 et
325 1699 453 1783 injuste
475 1699 617 1779 detinet,
642 1701 706 1764 etc.
752 1698 797 1761 Et
812 1697 885 1782 ipse
901 1718 969 1762 non
985 1699 1088 1778 venit,
1105 1703 1141 1763 et
1155 1699 1282 1784 pluries

129 1785 214 1851 fecit
240 1785 415 1864 defaltam‚
443 1786 492 1849 ita
518 1785 607 1870 quod
633 1788 837 1869 praeceptum
869 1784 939 1848 fnit
969 1785 1160 1852 vicecomiti
1194 1786 1283 1871 quod

129 1872 315 1958 distringat
336 1895 414 1940 eum
435 1894 496 1957 per
510 1892 625 1937 omnes
641 1877 759 1951 terras,
776 1879 853 1951 etc,
870 1873 921 1937 ita
942 1874 1032 1956 quod
1056 1874 1097 1937 de
1124 1874 1282 1952 exitibus,

131 1966 196 2025 etc.
242 1961 288 2024 at
315 1961 496 2026 vicecomes
523 1965 672 2023 testatur
697 1959 787 2043 quod
813 1980 882 2024 non
909 1960 1013 2024 habet
1038 1965 1147 2025 terras
1174 1981 1283 2045 neque

131 2051 327 2112 tenementa
354 2049 391 2110 in
414 2047 540 2111 balliva
565 2068 637 2124 sua,
665 2067 726 2131 per
752 2068 825 2130 quas
848 2047 956 2131 possit
982 2047 1155 2133 distringi,
1172 2052 1207 2112 et
1221 2048 1282 2113 Jo-

133 2135 263 2199 hannes
278 2135 341 2199 hoc
358 2135 448 2199 idem
465 2134 648 2220 cognoscit,
663 2133 739 2199 ideo
754 2133 860 2199 nichil
876 2133 965 2198 inde.

198 2288 365 2353 Ricardns
391 2288 481 2352 filius
507 2286 677 2351 Johannis
702 2287 847 2351 Waldef’
875 2288 916 2351 de
941 2287 1082 2366 Tossan,
1099 2287 1283 2368 Gilbertus,

131 2376 240 2440 frater
255 2375 340 2459 ejus,
356 2375 549 2441 Alexander
564 2373 752 2459 Wythman
765 2375 807 2439 de
822 2375 1040 2460 Eldlingham,
1056 2382 1091 2441 et
1105 2376 1128 2440 J
1130 2376 1283 2441 ohannes

131 2462 153 2527 J
155 2484 176 2527 o
199 2483 217 2526 e
233 2463 274 2527 de
290 2462 406 2528 eadem
422 2461 458 2525 in
476 2462 549 2526 mis’
567 2461 647 2545 quia
660 2482 728 2524 non
746 2462 940 2526 habuerunt
961 2463 1155 2527 iohannem
1175 2462 1282 2526 fflium

131 2549 154 2614 J
156 2485 301 2613 olannis
323 2548 482 2627 Waldef',
508 2569 607 2633 quem
640 2552 906 2634 manuceperunt
937 2549 980 2614 ad
1013 2550 1284 2634 respondendum

134 2636 286 2702 Waltero
312 2635 354 2699 de
382 2635 587 2721 Edlingham
615 2639 650 2699 et
677 2635 808 2715 Isoldae,
835 2636 933 2700 uxori
960 2635 1047 2720 ejus,
1082 2637 1124 2701 de
1157 2636 1284 2721 placito

133 2722 377 2802 conventionis,
394 2728 458 2788 etc.

197 2876 328 2941 Alanus
345 2877 386 2940 de
402 2875 564 2940 Holthale
580 2875 668 2960 petit
684 2898 799 2941 versus
812 2876 998 2940 Ricardum
1008 2876 1118 2940 filium
1127 2877 1285 2942 Nicholai

134 2965 201 3028 duo
217 2963 392 3048 mesuagia
407 2967 442 3028 et
457 2963 632 3026 dimidiam
648 2969 841 3028 carucatam
858 2968 957 3028 terrae
973 2984 1047 3027 cum
1067 2963 1285 3048 pertinentiis

135 3051 171 3114 in
196 3050 356 3136 Saltwyk,
383 3055 421 3114 ut
443 3050 499 3134 jus
523 3070 634 3128 suum,
657 3052 838 3134 perbreve
862 3051 903 3114 de
925 3072 998 3129 avo,
1023 3056 1100 3129 etc,
1116 3055 1152 3115 et
1169 3073 1284 3117 versus

136 3136 325 3202 Walterum
350 3139 391 3203 de
416 3135 602 3201 Cambhoul
629 3137 696 3200 duo
721 3137 894 3222 mesangia
915 3140 951 3202 et
973 3159 1074 3201 unam
1091 3144 1284 3203 carucatam

135 3231 233 3289 terrae
249 3245 325 3289 cum
340 3222 556 3309 pertinentiis
572 3223 607 3286 in
622 3224 739 3290 eadem
755 3224 846 3303 villa,
859 3228 894 3289 et
906 3247 1021 3290 versus
1039 3224 1228 3290 Gerardum
1243 3227 1285 3293 de

135 3311 400 3395 Woderingtone
428 3311 495 3375 duo
520 3311 694 3395 mesuagia
720 3316 755 3375 et
782 3311 957 3376 dimidiam
978 3318 1169 3378 carucatam
1186 3318 1285 3378 terroe

135 3419 211 3463 cum
238 3397 456 3482 pertinentiis
483 3398 519 3460 in
546 3397 662 3460 eadem
688 3398 778 3478 villa,
800 3403 839 3462 ut
854 3398 911 3482 jus
927 3420 1037 3478 suum,
1054 3400 1227 3484 perbreve
1242 3401 1284 3466 de

135 3506 208 3551 avo.

200 3573 245 3636 Et
272 3572 437 3637 Ricardus
465 3577 499 3637 et
526 3571 585 3636 alii
611 3573 762 3653 veniunt,
789 3576 825 3636 et
849 3572 1015 3638 Ricardus
1047 3576 1082 3637 et
1113 3573 1285 3639 Waltcrus

136 3659 254 3724 dicunt
269 3660 358 3743 quod
376 3681 441 3722 uon
458 3666 601 3744 possunt
617 3660 648 3726 ei
662 3660 740 3723 inde
752 3661 964 3743 respondere,
977 3659 1057 3744 quia
1067 3659 1185 3724 dicunt
1195 3662 1283 3745 quod

135 3768 203 3809 non
231 3751 349 3810 tenent
375 3746 507 3830 integre
533 3748 696 3831 praedicta
719 3751 915 3811 tenementa
940 3768 1055 3811 versus
1080 3767 1136 3811 eos
1162 3748 1283 3832 petita,

136 3834 215 3917 quia
238 3833 418 3918 praedictus
443 3833 609 3898 Ricardus
632 3832 717 3898 dicit
740 3834 830 3916 quod
847 3834 999 3917 quaedam
1016 3833 1171 3898 Matildis
1187 3841 1283 3901 tenet

135 3921 272 3985 tertiam
295 3925 427 4005 partem
454 3921 690 4005 praedictorum
720 3924 989 3984 tenementorum
1023 3941 1139 3985 versus
1173 3921 1284 4006 ipsum

136 4007 318 4073 Ricardum
333 4006 528 4091 petitorum,
545 4007 580 4070 in
598 4008 722 4086 dotem,
738 4011 774 4070 et
789 4007 902 4071 tenuit
917 4007 971 4071 die
986 4028 1053 4091 quo
1068 4008 1168 4071 breve
1184 4029 1281 4073 suum

136 4094 332 4179 impetravit
358 4114 473 4158 versus
500 4115 587 4158 eum.
633 4095 678 4158 Et
708 4093 866 4158 similiter
896 4095 1077 4179 praedictus
1112 4093 1283 4160 Walterus

136 4181 220 4245 dicit
236 4182 325 4265 quod
340 4181 445 4245 nichil
461 4182 586 4245 clamat
600 4181 635 4244 in
653 4181 832 4265 sexaginta
841 4183 928 4245 acris
944 4189 1050 4260 terrae,
1067 4181 1107 4244 de
1123 4182 1283 4264 praedicta

135 4368 293 4503 nglgppsrt
308 4371 338 4422 dc
354 4370 444 4423 Camh'
460 4371 520 4424 hald
537 4386 584 4423 ona
604 4373 721 4425 mruoatc
738 4372 766 4422 ol
782 4371 843 4424 land
859 4371 887 4422 in
903 4370 1006 4424 Saltwio
1026 4372 1116 4433 (Terta
1136 4372 1167 4421 dc
1189 4373 1285 4435 Navia,

1086 4524 1110 4570 u
1134 4503 1154 4571 2
