2956 4988
276 436 391 483 mmm
417 437 517 500 eom,
540 437 876 500 conmmeatum,
901 418 920 484 7
942 438 1029 486 eovv.
1053 439 1078 485 1.
1209 416 1273 482 385

119 592 171 658 ΒΘ
197 590 316 659 villeta
341 593 383 659 de
410 591 655 660 stenfordhcm
678 613 755 660 cum
769 592 801 660 le
815 592 898 660 Hou
919 613 981 679 pro
995 590 1274 679 transgressioni-

205 680 268 746 bus
283 680 387 746 Petro
401 679 433 746 le
445 680 614 748 Murescul
627 702 688 767 per
702 681 844 748 eundem
857 681 1012 747 villatum
1027 681 1144 761 illatis,
1157 681 1170 764 j
1183 680 1238 745 m'.

120 767 173 833 De
188 768 305 870 eodem
320 768 516 871 vicecomite
543 769 585 833 de
609 767 741 835 catallis
756 768 921 834 Willelmi
935 768 999 834 filii
1013 768 1180 854 Uttring’,
1197 787 1271 833 sue·

117 942 170 1008 ΒΘ
184 876 396 1060 Digliiisslili
410 877 461 1007 Ilici
471 856 518 1007 c(ie
533 943 611 1024 fine,
627 943 708 1028 quie
729 946 874 1045 nonneet
894 945 1074 1062 prosecuta
1089 941 1288 1032 appellum„

118 1117 170 1182 De
186 1053 302 1183 Piiogre
314 1029 1020 1205 girliiigeliiiliczhrinioiirssieoeiluiiudiiuiiluu
1036 1116 1078 1181 de
1092 1114 1188 1182 Tine.

119 1204 171 1269 De
185 1204 354 1291 Episcopo
368 1204 597 1271 Dunelmenee
611 1226 674 1291 pro
689 1206 816 1272 eodem.

119 1291 172 1358 De
187 1292 321 1376 Rogero
337 1292 379 1356 de
395 1292 555 1376 Ooynere,
573 1293 653 1377 quie
667 1293 819 1357 noudum
835 1291 942 1373 miles,
958 1291 1038 1356 xlv’.

117 1378 169 1445 De
184 1379 318 1465 Rogero
332 1378 451 1445 White
466 1379 508 1446 de
523 1379 673 1465 Langele
693 1384 729 1445 et
745 1379 916 1445 Willelmo
941 1378 1059 1445 Ailred
1084 1378 1126 1444 de
1152 1378 1270 1444 eudem

203 1487 265 1553 pro
280 1465 430 1546 defaltis,
443 1467 457 1549 j
470 1466 524 1547 m’,
540 1468 631 1533 unde
645 1468 810 1554 Rogerus,
826 1467 913 1532 xld’.

119 1553 171 1619 De
187 1553 359 1618 Willelmo
375 1554 416 1618 de
431 1553 659 1620 Kirkebiherl’
671 1576 733 1640 pro
748 1555 875 1635 eodem,
892 1554 990 1618 dim’.

118 1640 171 1706 ΒΘ
185 1641 206 1704 J
208 1641 342 1706 ohanne
357 1641 399 1705 de
414 1641 679 1726 Thorugretton'
695 1663 756 1727 pro
771 1642 897 1722 eodem,
914 1641 949 1706 di
958 1641 1012 1706 m'.

116 1728 169 1794 De
191 1729 340 1794 Roberto
366 1727 436 1792 filio
456 1728 601 1794 Wolteri
624 1729 666 1794 de
691 1729 856 1815 Horsleye
879 1732 915 1794 et
940 1729 1090 1794 Robertc
1113 1727 1203 1792 Knit
1229 1726 1272 1792 de

207 1816 324 1882 ecdem
338 1836 399 1900 pro
415 1815 544 1898 eodem,
559 1816 658 1880 dim'.

119 1902 170 1969 De
185 1902 358 1968 Willelmo
384 1902 455 1968 filio
481 1902 655 1988 Redulphi
670 1903 806 1988 Fridcy,
821 1901 991 1969 Willelmo
1006 1901 1076 1968 filio
1092 1900 1271 1967 Michaelis

205 1990 247 2054 de
263 1989 408 2055 Mickele
423 2010 485 2075 pro
500 1991 627 2070 eodem,
643 1991 679 2055 di
689 1992 744 2056 m’.

120 2077 172 2144 De
201 2076 483 2230 Woiglelmolttirk
508 2077 551 2143 de
575 2076 723 2144 Mickele
749 2080 784 2144 et
810 2078 979 2143 Butemun
1009 2077 1050 2143 de
1080 2077 1181 2143 Esset
1209 2095 1271 2161 pro

208 2186 227 2231 e
272 2185 336 2243 em,
377 2163 455 2228 im’.

119 2251 172 2317 ΒΘ
203 2252 337 2318 Simone
367 2250 520 2318 Porticte
549 2251 586 2315 in
617 2250 788 2338 Sleveleye
822 2255 857 2318 et
886 2250 1067 2336 Radulpho
1097 2250 1201 2336 Treys
1231 2250 1273 2315 de

206 2338 407 2405 Birkenside
421 2360 482 2424 pro
497 2338 625 2404 eodem.

121 2426 172 2493 De
187 2425 361 2491 Willelmo
376 2426 418 2491 de
433 2424 588 2492 Fulderle
601 2447 663 2512 pro
678 2426 807 2508 eodem,
822 2427 858 2491 di
867 2426 921 2491 m'.

121 2514 172 2581 De
188 2513 334 2579 Ricardo
350 2514 391 2580 de
407 2513 592 2579 Gosebeck¹
609 2534 670 2599 pro
685 2513 812 2581 eodem.

119 2601 172 2666 ΒΘ
186 2602 209 2666 J
210 2600 344 2666 ohanne
358 2600 430 2666 filio
444 2600 468 2666 J
468 2600 614 2667 chunnis
635 2601 677 2665 de
691 2600 814 2666 Bolum
836 2604 872 2667 et
885 2601 908 2667 J
909 2599 1044 2666 ohanne
1059 2600 1101 2665 de
1117 2598 1274 2684 Gulevvey

208 2689 246 2752 in
261 2688 416 2774 Hoyden’
428 2710 490 2775 pro
505 2688 633 2769 eodem,
649 2687 685 2753 di
693 2688 748 2753 m’.

121 2775 173 2843 De
188 2775 362 2840 Willelmo
377 2775 419 2842 de
434 2773 610 2841 Voleuciu⁹
623 2795 685 2861 pro
700 2776 829 2840 eodem.

121 2863 173 2929 ΒΘ
189 2862 359 2929 Willelmo
374 2861 527 2929 Letimer
540 2883 602 2948 pro
617 2862 746 2942 eodem,
763 2885 808 2926 xx
817 2863 855 2927 ε’.

121 2950 173 3015 ΒΘ
189 2949 359 3016 Willelmo
374 2950 416 3017 de
429 2949 526 3015 Sules
541 2968 603 3035 pro
618 2949 746 3028 eodem,
762 2949 798 3013 di
808 2951 863 3015 m'.

123 3038 261 3103 Summo
278 3038 366 3101 tertii
380 3038 492 3117 rotuli,
509 3036 583 3102 clxv
591 3038 634 3100 m'
651 3036 700 3122 iiij
711 3037 737 3100 ε’
754 3036 806 3123 iiij
819 3037 852 3099 d'
864 3037 923 3101 ob'.

122 3125 173 3192 ΒΘ
197 3125 354 3190 Johenne
377 3124 419 3189 de
443 3123 694 3210 cherington
717 3125 759 3189 de
784 3124 852 3188 fine
873 3143 935 3209 pro
961 3144 997 3189 ΘΘ
1019 3126 1054 3190 et
1080 3121 1180 3188 sociis
1201 3121 1275 3187 uuis
1375 3130 1379 3138 '

209 3213 299 3364 l{ijclm
313 3211 447 3328 Jufutis
464 3233 524 3298 pro
549 3211 811 3277 concelementis
836 3214 872 3277 et
898 3211 974 3277 eliis
999 3209 1277 3295 transgressioni-

231 3320 284 3376 us,
300 3321 384 3365 vm.

123 3386 175 3452 ΒΘ
190 3385 363 3452 Willelmo
378 3385 449 3452 filio
463 3386 600 3452 Thomae
614 3386 656 3453 de
671 3385 847 3452 Kreistok³
861 3405 923 3471 pro
937 3385 1077 3451 defultc.

477 3609 632 3675 meuu
653 3630 700 3674 uu
722 3609 919 3675 Moumn'.

119 3799 171 3864 ΒΘ
195 3796 311 3949 mil-{¹3¹}
333 3796 529 3863 vicecomite
553 3797 594 3862 de
619 3796 752 3863 cutullis
778 3796 920 3863 Roberti
945 3795 1088 3882 Sprinel,
1119 3795 1272 3882 fugitivi,

212 3907 259 3972 n]
308 3935 316 3950 .

124 3974 176 4039 ΒΘ
191 3973 307 4038 eodem
323 3971 519 4038 vicecomite
534 3971 703 4037 demedio
718 3977 869 4058 tempore
884 3975 982 4037 tenve
997 3970 1159 4056 ejusdem,
1176 3970 1202 4072 ij
1215 3971 1253 4036 ε’.

123 4061 175 4126 ΒΘ
190 4060 307 4176 equiem
331 4058 526 4126 vicecomite
549 4060 591 4127 de
611 4058 744 4125 catallis
759 4058 921 4126 Willelmi
947 4057 1102 4145 Spumel,
1123 4057 1275 4143 fugitivi,

123 4235 175 4303 De
190 4169 307 4302 ngdsem
318 4232 513 4301 vicecomite
528 4232 693 4299 demedio
707 4236 858 4319 tempore
873 4235 971 4298 terrm
986 4232 1147 4318 ejusdem,
1163 4231 1189 4318 ij
1200 4232 1237 4297 ε’.

173 4438 647 4507 ¹0ppoeiteinthemurginieBaro.
847 4435 858 4468 ²
869 4438 937 4490 lm,
1136 4434 1148 4466 ι
1158 4436 1225 4488 Μ

1094 4523 1113 4569 0
1128 4523 1146 4568 0
