2956 4988
320 458 433 504 1991111
456 459 554 519 noan,
578 459 915 519 noarnuuanamun,
941 438 959 504 7
982 458 1070 502 111111.
1093 458 1117 502 1.
1240 433 1302 498 289

214 611 391 680 Johannes
417 613 460 680 de
486 612 687 681 Middelton'
714 619 749 679 et
776 613 904 678 Alanus
931 612 972 678 de
998 611 1183 678 Lilleburn’
1210 630 1301 675 sum·

151 699 273 764 moniti
295 700 437 766 fuerunt
462 702 506 766 ad
530 701 801 787 respondendum
824 700 997 767 Willelmo
1030 699 1100 765 filio
1139 696 1302 762 Willelmi

151 787 192 853 de
218 787 288 852 Ros
312 788 354 853 de
378 789 562 875 Myndrum
583 789 624 854 de
647 789 773 874 placito
797 789 885 873 quod
905 788 1051 854 reddant
1065 786 1097 852 ei
1113 784 1301 852 custodiam

152 873 295 938 duarum
310 876 459 961 partium
474 876 616 940 duarum
632 882 864 941 carucatarum
879 879 978 941 terrae
992 896 1070 941 cum
1084 871 1302 959 pertinentiis

152 960 188 1024 in
214 962 403 1044 Ylderton',
428 985 501 1047 quae
527 963 570 1028 ad
595 964 707 1048 ipsum
733 963 940 1028 Willelmum
966 962 1124 1048 pertinet,
1149 958 1301 1042 eoquod

152 1047 322 1114 Henricus
339 1051 380 1114 de
395 1050 584 1117 Ylderton'l
613 1049 847 1117 terramillam
869 1050 984 1116 tenuit
1005 1049 1043 1113 in
1066 1047 1244 1132 sokagium
1266 1048 1302 1110 et

153 1137 242 1220 quod
264 1136 353 1203 idem
376 1137 567 1203 Willelmus
589 1137 810 1223 propinquior
831 1140 884 1203 est
905 1138 1003 1202 heres
1025 1135 1133 1222 ipsius
1150 1131 1302 1212 Henrioi,

150 1228 214 1290 ete.

216 1311 262 1375 Et
276 1312 299 1376 J
299 1311 451 1377 ohannes
466 1315 501 1378 et
515 1311 646 1378 Alanus
662 1312 804 1378 veniunt
818 1315 853 1377 et
864 1315 987 1378 vocant
1002 1310 1081 1376 inde
1096 1309 1140 1375 ad
1154 1328 1301 1372 warran-

150 1401 225 1461 tum
245 1397 436 1484 Philippum
451 1399 493 1466 (19
509 1399 647 1485 Rydale.
685 1401 848 1465 Habeant
862 1420 939 1465 eum
956 1398 1046 1500 apud
1060 1398 1249 1462 Eboracum
1264 1393 1302 1457 in

152 1483 290 1550 Octabis
314 1486 447 1552 Sanctae
462 1486 642 1551 Trinitatis
657 1507 718 1573 per
737 1486 900 1553 auxilium
913 1507 1023 1552 curras.
1061 1486 1107 1549 Et
1119 1480 1303 1550 summoni-

153 1575 233 1637 atur
246 1571 283 1636 in
299 1574 466 1638 comitatu
480 1573 557 1656 isto,
574 1578 638 1640 eto.

216 1744 312 1810 Idem
326 1747 517 1813 Willelmus
532 1747 658 1833 optulit
674 1769 709 1814 se
725 1748 799 1833 11111ο
815 1748 869 1812 (119
885 1767 999 1812 versus
1015 1746 1180 1828 Ehzabet,
1197 1745 1301 1811 filiam

152 1832 291 1898 Ricardi
316 1834 347 1902 le
373 1835 545 1920 Flemeng,
579 1836 620 1902 de
644 1835 770 1921 placito
797 1835 886 1920 quod
910 1834 1029 1900 reddat
1055 1833 1087 1898 ei
1113 1833 1302 1899 custodiam

152 1920 262 1984 tertiae
277 1922 384 2005 partis
400 1923 542 1987 duarum
558 1926 793 1988 carucatarum
815 1927 913 1986 terrae
934 1943 1009 1987 cum
1025 1920 1242 2006 pertinentiis
1265 1921 1302 1984 in

151 2006 341 2087 Ylderton’,
359 2031 432 2092 quae
446 2010 490 2074 ad
506 2009 618 2094 ipsum
632 2009 840 2076 Willelmum
856 2008 1015 2094 pertinet,
1038 2029 1077 2073 eo
1099 2009 1189 2092 quod
1205 2009 1301 2072 Hen-

153 2094 242 2160 ricus
267 2095 307 2160 de
331 2096 518 2162 Yldertone
542 2101 668 2161 terram
693 2096 786 2162 illam
810 2097 924 2163 tenuit
951 2096 987 2159 in
1023 2095 1210 2180 sokagium.
1256 2096 1303 2159 Et

153 2182 243 2265 quod
266 2181 356 2247 idem
380 2183 570 2250 Willelmus
594 2183 814 2270 propinquior
838 2188 890 2248 est
912 2182 1010 2248 119199
1028 2183 1135 2267 ipsius
1150 2182 1303 2263 Henrici,

153 2272 217 2335 eto.
262 2270 307 2334 at
330 2271 401 2354 ipse
425 2291 492 2335 non
507 2271 610 2351 venit,
628 2276 663 2335 et
678 2270 804 2356 pluries
819 2271 904 2335 fecit
922 2269 1078 2335 defaltas.
1123 2269 1206 2334 Ideo
1221 2291 1302 2356 9119-

154 2359 286 2440 ceptum
304 2362 357 2422 est
372 2357 560 2424 vicecomiti
575 2358 664 2441 quod
680 2358 864 2442 distringat
879 2379 954 2422 eum
975 2378 1035 2442 per
1053 2379 1169 2423 omnes
1184 2361 1303 2436 terras,

152 2446 229 2522 etc,
245 2443 296 2507 ita
310 2444 411 2528 quod,
427 2449 503 2524 etc,
520 2449 555 2510 91
569 2446 659 2530 quod
673 2445 715 2511 (19
730 2444 888 2526 exitibus,
912 2448 988 2524 etc,
1012 2447 1047 2509 et
1070 2444 1159 2529 quod
1178 2444 1305 2508 habeat

152 2550 271 2615 corpus
287 2532 363 2617 ejus
379 2533 468 2618 apud
484 2533 672 2599 Eboracum
686 2533 730 2598 ad
744 2532 926 2618 praefatum
940 2531 1135 2611 terminum,
1152 2534 1216 2597 etc.

217 2705 237 2768 J
240 2705 389 2773 ohannes
412 2707 454 2772 (19
476 2707 505 2770 P
526 2707 668 2794 hering'‚
691 2706 750 2791 qui
770 2706 851 2773 tulit
866 2707 965 2772 breve
980 2706 1022 2772 de
1037 2705 1153 2770 debito
1168 2709 1245 2772 octo
1259 2705 1303 2768 m'

153 2811 270 2857 versus
296 2793 481 2859 Henricum
504 2730 540 2860 19
566 2795 681 2874 Schot,
706 2814 774 2859 non
801 2797 853 2861 est
878 2797 1088 2879 prosecutus.
1133 2792 1216 2859 Ideo
1232 2792 1303 2879 ipse

153 2881 189 2943 et
211 2879 316 2964 plegii
340 2880 393 2945 sui
418 2881 460 2946 de
483 2881 715 2967 prosequendo
738 2882 775 2945 in
793 2881 880 2963 mis’‚
897 2880 1037 2961 scilicet,
1054 2879 1246 2946 Willelmus
1262 2881 1303 2945 de

152 2966 304 3031 Fandon'
320 2972 355 3032 et
370 2967 517 3034 Thomas
533 2969 574 3034 de
590 2969 796 3049 Milleburn',
812 2973 875 3036 etc.

218 3140 314 3208 Idem
329 3143 351 3207 J
352 3142 515 3223 ohannes,
531 3143 589 3228 qui
608 3142 691 3208 tulit
705 3144 804 3209 breve
819 3144 861 3210 de
876 3142 992 3208 debito
1003 3163 1119 3210 versus
1130 3142 1303 3228 Rogerum

152 3227 183 3292 le
199 3227 293 3295 Rede
311 3229 352 3294 (19
376 3230 489 3295 debito
511 3230 738 3316 quadraginta
754 3231 789 3295 li'
805 3235 840 3296 et
855 3231 968 3296 decem
984 3230 1021 3310 ε’,
1040 3251 1109 3294 non
1125 3234 1176 3295 est
1190 3249 1303 3315 prose-

153 3319 261 3381 cutus.
303 3316 385 3382 Ideo
401 3317 472 3402 ipse
488 3323 523 3384 et
536 3318 641 3407 plegii
658 3317 711 3383 sui
722 3319 764 3383 de
772 3317 1004 3403 prosequendo
1014 3317 1050 3380 in
1059 3316 1146 3397 mis',
1163 3316 1302 3397 scilicet,

153 3402 343 3469 Willelmus
359 3404 400 3470 de
415 3405 567 3489 Faudon'
584 3410 619 3471 91
634 3405 780 3471 Thomas
795 3406 838 3471 de
852 3404 1053 3485 middelton,
1070 3409 1134 3470 etc.

218 3576 313 3642 Idem
328 3579 351 3643 J
351 3579 515 3660 ohannes,
528 3580 585 3664 qui
598 3579 681 3645 tulit
695 3580 795 3647 breve
814 3600 928 3645 versus
946 3578 1135 3645 Henricum
1149 3579 1181 3644 le
1198 3577 1303 3645 Schot

153 3665 194 3730 de
215 3666 359 3748 quodam
383 3666 509 3751 scripto
531 3666 734 3753 obligatorio
752 3668 861 3735 eidem
876 3667 1020 3747 reddito,
1037 3687 1105 3731 non
1121 3669 1174 3732 est
1188 3686 1302 3751 prose-

153 3756 262 3817 cutus.
301 3752 384 3818 Ideo
400 3753 471 3839 ipse
483 3758 518 3821 et
533 3755 637 3840 plegii
649 3756 702 3820 sui
714 3756 756 3822 (19
771 3755 1003 3840 prosequendo
1018 3753 1054 3817 in
1064 3754 1151 3834 mis',
1164 3753 1304 3834 scilicet,

153 3839 275 3904 Petrus
291 3840 332 3905 de
348 3841 499 3906 Faudon’
515 3846 551 3908 et
565 3842 712 3908 Thomas
727 3844 768 3910 de
783 3842 985 3923 middelton,
1001 3845 1066 3907 919.

219 4040 402 4125 Margeria,
425 4063 498 4126 quae
519 4041 589 4106 fuit
610 4064 696 4109 uxor
718 4043 881 4108 Willelmi
904 4042 1061 4130 Hyring',
1083 4043 1172 4128 petit
1189 4062 1303 4109 versus

152 4125 317 4190 Thomam
326 4127 367 4192 de
377 4128 528 4195 Karlielo
537 4130 676 4194 tertiam
687 4138 817 4216 partem
832 4130 933 4194 unius
949 4129 1142 4215 messuagii,
1159 4130 1302 4194 duorum

151 4213 329 4295 toftorum,
346 4215 525 4301 sexaginta
538 4237 692 4282 acrarum
709 4222 817 4298 terrae,
834 4223 869 4283 et
884 4239 942 4284 sex
956 4238 1111 4284 acrarum
1119 4216 1211 4303 prati
1225 4238 1302 4283 cum

187 4393 194 4425 ¹
208 4394 701 4475 Η911111191111191191111911111ᾱά111911
753 4399 880 4518 socaggpl
891 4399 935 4450 the
945 4399 1081 4464 Baronyol
1093 4397 1188 4461 Patrio,
1203 4397 1264 4449 11111
1276 4399 1304 4450 of

152 4461 367 4529 foraoshilnngs
377 4464 429 4518 aad
441 4480 489 4516 one
499 4464 588 4534 yearly
598 4466 703 4520 lcastm
752 4465 815 4519 Duu
875 4467 1112 4530 (TaladrNorill,
1122 4481 1146 4530 p.
1158 4465 1238 4528 885⁶).

1151 4555 1171 4600 U
