2956 4988
341 486 455 534 assiae
477 487 575 550 0000,
599 487 938 550 roarannanamrsn,
962 468 980 534 7
1004 487 1091 535 now.
1115 488 1139 534 1.
1261 467 1323 534 293

171 639 194 704 J
194 641 361 708 ohannem
383 641 527 729 Hering,
545 643 735 711 Walterum
751 645 836 710 Skot
851 645 893 711 de
907 644 1114 724 Welteden',
1129 643 1152 708 J
1153 643 1322 708 ohannem

170 728 211 794 de
237 728 346 795 Parva
371 730 529 811 Bonton’,
557 731 764 798 Willelmnm
794 733 835 799 de
865 733 1017 818 Trewyk,
1046 730 1254 796 Willelmum
1281 729 1323 794 de

171 815 313 902 Henley,
340 817 447 883 Adam
473 819 601 899 Canon,
628 818 858 885 Alexandrum
882 821 923 886 de
953 819 1086 899 Belton,
1114 817 1255 884 Petrum
1281 816 1326 881 10

170 902 326 988 Kydenol
350 906 391 971 de
418 905 514 970 Novo
540 905 672 987 000100,
695 906 888 987 Μο111100,
909 929 983 992 quae
997 906 1067 971 fuit
1082 927 1168 973 uxor
1182 904 1266 969 Adae
1281 904 1323 970 de

170 989 438 1072 Turbuteheved,
466 992 670 1078 Margeriam
695 994 736 1060 de
760 995 910 1080 Trewyk,
936 994 1124 1061 Gerardum
1147 993 1189 1058 de
1219 990 1324 1056 Wod-

170 1077 320 1163 rington,
345 1079 530 1144 Robertum
553 1081 697 1146 Freman
714 1081 756 1147 de
776 1082 915 1162 Heton’,
932 1081 1123 1148 Gilbertum
1139 1080 1181 1146 10
1196 1076 1322 1164 Eggil',

170 1164 377 1249 Magistrum
407 1165 546 1232 Petrum
576 1168 618 1233 de
648 1170 775 1233 Sancta
803 1169 907 1254 Bega,
934 1170 1045 1234 Adam
1075 1167 1253 1233 Maufetur
1281 1165 1323 1230 de

170 1251 440 1320 Thraftereston'
459 1255 541 1339 (sic).

234 1440 409 1506 Johannes
442 1441 641 1521 Wodeman,
683 1442 861 1520 Henricns,
894 1441 1003 1507 frater
1031 1440 1117 1526 ejus,
1149 1441 1253 1525 Hugo
1283 1439 1325 1504 de

170 1528 335 1608 London’,
351 1532 386 1595 et
401 1528 590 1596 Willelmus
605 1529 636 1594 le
651 1529 772 1609 Toller,
791 1532 987 1595 executores
1002 1527 1201 1593 testamenti
1221 1526 1325 1591 Alani

168 1615 370 1694 Wodeman,
397 1616 596 1701 optulerunt
621 1638 657 1682 00
682 1616 759 1701 111]ιο
784 1616 839 1682 110
865 1636 981 1681 versus
1005 1615 1253 1702 Gwychardum
1283 1614 1325 1678 de

169 1703 322 1768 Charron
342 1704 384 1768 de
408 1702 534 1788 placito
554 1703 644 1788 quod
667 1704 787 1768 reddat
812 1703 861 1768 010
885 1702 1065 1768 tresdecim
1089 1703 1137 1781 ti’,
1159 1706 1194 1767 et
1210 1722 1324 1767 versus

168 1789 355 1854 Robertum
371 1791 413 1855 de
428 1790 626 1876 Pannebyre
639 1791 889 1875 quinquaginta
904 1795 941 1856 01
956 1795 1086 1875 septem
1102 1791 1127 1853 a’
1144 1794 1180 1854 et
1195 1793 1325 1874 septem

169 1877 212 1956 d’,
225 1882 260 1942 et
275 1898 390 1942 versus
407 1877 616 1942 Willelmum
631 1879 673 1942 de
687 1877 822 1942 Heland
838 1878 926 1962 quod
942 1877 1063 1943 reddat
1077 1876 1126 1942 eis
1146 1878 1326 1962 sexaginta

169 1967 204 2028 et
219 1969 365 2048 quatuor
378 1967 405 2028 a'
421 1969 456 2032 01
471 1968 617 2050 quatuor
632 1965 677 2044 d',
693 1969 729 2029 01
743 1985 858 2029 versus
874 1963 1068 2029 Walternm
1083 1965 1125 2030 de
1142 1963 1325 2047 Swethopp

168 2052 258 2135 quod
282 2052 404 2117 reddat
426 2052 475 2116 eis
499 2052 623 2137 viginti
649 2058 684 2117 et
708 2055 854 2136 quatuor
879 2052 916 2133 a',
937 2056 973 2116 et
995 2072 1110 2118 versus
1132 2051 1326 2116 Johannem

169 2139 321 2224 Heryng’
338 2139 428 2223 quod
444 2139 564 2204 reddat
587 2140 635 2204 eis
659 2139 827 2204 sexdecim
847 2139 873 2202 ε’
889 2144 925 2203 01
940 2142 1086 2223 quatuor
1101 2139 1145 2218 d’,
1162 2142 1197 2203 et
1209 2158 1325 2204 versus

168 2225 357 2291 Walterum
374 2228 455 2291 Scot
470 2227 512 2291 de
529 2225 708 2292 Wolteden
730 2227 820 2310 0001
842 2226 961 2291 reddat
983 2226 1032 2291 eis
1047 2225 1275 2310 quadraginta
1290 2227 1326 2289 01

168 2316 245 2378 0010
267 2313 305 2391 a',
330 2318 366 2378 et
390 2334 505 2379 versus
529 2313 717 2378 Robertum
737 2314 780 2378 de
800 2312 991 2398 Meynevile
1013 2314 1103 2397 0001
1128 2313 1249 2379 reddat
1274 2311 1323 2377 010

168 2401 283 2465 10000
306 2405 342 2464 01
366 2403 495 2485 septem
518 2402 556 2480 ε’,
583 2404 618 2466 01
642 2421 757 2466 versus
780 2401 971 2465 Johannem
991 2399 1033 2465 de
1056 2399 1166 2465 Parva
1188 2399 1324 2464 Bouton

169 2488 257 2571 quod
279 2487 399 2553 reddat
421 2487 470 2552 eis
492 2488 649 2554 undecim
670 2488 696 2551 a'
720 2490 756 2552 et
778 2489 925 2572 quatuor
939 2488 983 2566 d’,
1000 2492 1036 2553 et
1058 2508 1172 2553 versus
1192 2485 1323 2551 1111101-

168 2596 261 2638 000
276 2574 318 2639 10
333 2574 474 2658 'I'rewyk
490 2576 579 2659 0001
595 2575 715 2640 reddat
730 2574 779 2639 eis
795 2575 973 2639 tresdecim
989 2577 1026 2655 ε’,
1044 2580 1079 2639 01
1098 2595 1213 2639 versus
1236 2572 1324 2637 Wil-

168 2660 305 2725 lelmum
328 2662 370 2726 de
391 2661 545 2747 Hanleye
568 2663 658 2747 qnod
680 2663 801 2727 reddat
816 2662 865 2726 eis
889 2661 1057 2727 sexdecim
1080 2662 1118 2740 ε’,
1146 2666 1181 2725 01
1210 2681 1326 2727 versus

168 2748 278 2813 Adam
308 2748 449 2834 Gargun
479 2749 568 2834 0001
594 2749 715 2814 reddat
740 2750 789 2813 eis
822 2769 942 2813 novem
970 2749 1005 2812 li’
1034 2753 1070 2814 01
1092 2749 1201 2814 decim
1226 2748 1263 2828 ε’,
1290 2751 1326 2813 01

168 2856 283 2900 versus
307 2835 536 2902 Alexandrum
559 2837 600 2901 de
623 2836 766 2902 Boltone
788 2837 876 2920 quod
891 2836 1012 2901 reddat
1027 2837 1076 2901 eis
1092 2835 1273 2920 sexaginta
1287 2838 1324 2899 01

168 2944 273 2986 unum
297 2923 323 2986 ε’
348 2926 383 2987 01
410 2924 494 2988 1000
518 2924 563 3004 d',
588 2927 624 2988 et
652 2944 768 2988 versus
798 2922 938 2988 Petrum
967 2922 1124 3007 Kydenol
1154 2923 1197 2988 de
1227 2921 1324 2986 Novo

168 3008 288 3075 Castro
308 3011 396 3094 quod
412 3011 533 3075 reddat
548 3010 596 3075 eis
612 3013 748 3077 eentum
764 3015 800 3074 et
814 3010 930 3076 decem
944 3010 982 3090 ε’,
1006 3014 1042 3076 01
1068 3030 1183 3075 versus
1210 3008 1325 3074 Matil-

167 3095 280 3175 lidem,
306 3118 379 3181 quae
398 3098 468 3163 fuit
491 3118 575 3162 uxor
593 3097 675 3162 010
694 3099 735 3163 10
750 3097 1020 3176 Turbnteheved,
1037 3098 1126 3182 quod
1141 3097 1261 3163 reddat
1277 3096 1325 3162 eis

167 3185 396 3268 quadraginta
409 3186 447 3264 s',
463 3189 499 3251 et
515 3205 629 3249 versus
645 3185 851 3270 Margeriam
874 3184 916 3249 de
938 3184 1079 3269 Trewyk
1100 3184 1189 3267 quod
1205 3184 1325 3249 reddat

168 3271 216 3335 eis
236 3272 463 3356 quadraginta
479 3272 505 3335 ε’
521 3277 557 3337 01
572 3273 687 3337 decem
710 3272 754 3352 d',
779 3276 814 3337 01
837 3293 951 3337 versus
974 3273 1160 3337 Robertum
1179 3272 1325 3336 Freman

168 3358 209 3423 de
228 3359 369 3423 Hetton’
391 3359 482 3441 quod
495 3360 616 3424 reddat
632 3359 681 3423 eis
696 3358 876 3425 tresdecim
893 3360 919 3422 a’
936 3363 1064 3424 010010
1086 3359 1131 3438 d',
1155 3362 1190 3423 et
1208 3379 1324 3424 versus

168 3444 357 3510 Gerardum
372 3446 414 3510 de
431 3445 690 3531 Woderington’
703 3450 738 3511 et
755 3446 976 3531 Stephanum,
986 3467 1168 3531 parsonam
1178 3444 1325 3510 00010010

168 3532 209 3597 10
233 3532 424 3618 Staynton',
448 3534 537 3617 quod
563 3534 708 3598 reddant
734 3533 782 3598 eis
811 3533 1062 3618 quinquaginta
1088 3537 1123 3598 et
1146 3536 1216 3597 tres
1239 3533 1265 3595 ε’
1291 3536 1326 3599 01

169 3620 282 3685 decem
309 3620 353 3699 d',
381 3624 416 3684 et
442 3641 557 3685 versus
585 3620 777 3686 Gilbertum
804 3621 845 3684 de
871 3619 987 3705 Oggill
1014 3619 1103 3705 quod
1129 3619 1249 3685 reddat
1277 3618 1326 3684 eis

168 3707 283 3771 decem
318 3711 354 3772 01
383 3727 502 3773 novem
533 3708 559 3771 a’
590 3711 625 3774 01
655 3711 802 3792 quatuor
831 3707 874 3786 d',
906 3712 941 3772 et
969 3727 1085 3772 versus
1119 3706 1325 3792 Magistrum

168 3792 308 3858 Petrum
328 3792 370 3857 de
395 3793 522 3860 Sancta
545 3795 648 3879 Bega,
675 3795 787 3859 Adam
814 3794 992 3861 Maufetnr
1013 3795 1055 3860 10
1075 3793 1323 3874 Traftresdon’,
1376 3810 1377 3814 ’

168 3880 352 3946 Ricardum
377 3881 420 3945 fia
448 3880 481 3946 le
506 3882 659 3962 Provost,
689 3887 725 3947 01
753 3881 964 3948 Willelmum
994 3882 1036 3945 fin
1065 3881 1097 3947 le
1128 3880 1207 3946 Keu
1234 3881 1324 3966 quod

168 3968 312 4034 reddant
339 3968 387 4033 eis
410 3968 535 4053 viginti
562 3969 609 4049 li’,
640 3990 721 4053 quas
748 3969 797 4034 eis
818 3969 945 4053 injuste
968 3969 1136 4049 detinent,
1169 3971 1234 4033 etc.
1279 3968 1327 4032 at

168 4055 234 4139 ipsi
264 4077 333 4120 non
355 4055 497 4120 veniunt
528 4059 562 4120 01
591 4055 717 4140 pluries
747 4055 903 4121 fecerunt
925 4055 1084 4121 defaitas.
1129 4055 1213 4121 Ideo
1236 4076 1321 4140 prpe·

168 4147 305 4227 ceptum
337 4146 388 4208 est
430 4142 619 4210 vicecomiti
658 4142 748 4227 qnod
786 4143 973 4228 distringat
1013 4163 1070 4209 eos
1111 4163 1172 4227 per
1208 4163 1325 4207 omnes

167 4235 287 4309 terras,
312 4234 389 4309 etc,
413 4230 463 4294 ita
489 4231 579 4314 quod
605 4250 678 4311 nee,
703 4236 780 4309 etc,
801 4234 837 4294 01
858 4231 947 4315 0001
962 4231 1003 4296 10
1019 4228 1180 4310 exitibus,
1196 4236 1273 4309 eta,
1289 4233 1325 4293 01

168 4317 257 4400 0001
296 4317 421 4382 habeat
459 4338 599 4402 corpora
624 4338 741 4384 eorum
770 4319 861 4402 apud
890 4317 1081 4383 Eboracum
1111 4316 1148 4380 in
1185 4316 1325 4383 Octabis

169 4405 302 4469 Sanetae
316 4403 508 4486 Trinitatis,
524 4409 588 4471 eto.
