2956 4988
293 463 409 508 nm
428 463 528 521 non,
550 460 889 521 uommnmn,
911 439 955 505 53
975 460 1060 506 m.
1082 460 1139 506 m.
1227 437 1289 502 2⁰1

143 620 275 702 putem
303 617 527 683 feodiuuius
553 616 687 681 militis.
730 612 1293 700 thuodipseetheiodessui

144 706 416 770 nuntiabunt
443 705 572 770 eisiem
599 704 753 769 Johmni
781 712 819 768 et
843 702 1012 769 Alienons
1047 706 1086 769 et·
1109 701 1293 768 heusdibns

144 791 252 877 ipsius
266 793 435 858 Alienotae
447 793 565 858 omnin
577 791 738 877 punica
752 790 893 857 servitis
910 789 1001 856 sicut
1014 789 1214 875 praedictum
1228 794 1294 871 est,

144 885 180 944 ct
194 902 310 946 versus
324 901 443 946 omncs
464 881 620 945 homines
633 877 879 964 scquiecnbunt
892 897 955 962 per
966 877 1130 963 predicto
1144 877 1294 958 servios,

145 966 405 1053 imperpetuum,
428 969 519 1033 sicut
546 967 682 1053 plenius
711 965 908 1032 continetur
934 964 972 1029 in
996 964 1143 1048 quodum
1166 964 1295 1051 sciipto

145 1053 224 1121 inde
237 1056 330 1120 inter
343 1076 401 1120 cos
415 1055 583 1121 coniecto.

209 1176 377 1242 Ricardus
391 1176 434 1242 de
459 1175 606 1241 Gosebet
629 1181 665 1240 ct
682 1171 865 1259 flameris
880 1192 966 1238 uxor
988 1171 1074 1257 ejus,
1096 1170 1296 1259 optulemnt

145 1285 182 1329 se
207 1263 282 1349 iiij¹⁰
304 1263 360 1329 <lie
378 1284 494 1328 versus
518 1262 717 1341 Robertum,
737 1261 943 1346 Episcopum
965 1260 1008 1325 de
1031 1259 1225 1341 Dunolmo,¹
1252 1260 1296 1326 do

144 1351 272 1436 phcito
286 1351 376 1435 quod
390 1351 510 1415 reddat
525 1351 576 1415 eis
590 1349 781 1415 custodium
795 1347 939 1412 manerii
954 1347 997 1413 de
1010 1347 1200 1413 Tunnestal
1216 1369 1295 1414 cum

144 1438 372 1523 pertinentiis,
398 1460 473 1522 quae
501 1437 546 1502 sd
574 1438 666 1523 ipsos
694 1436 857 1521 pertinet,
883 1456 924 1502 eo
948 1435 1040 1520 qnod
1068 1435 1223 1503 Anum
1252 1434 1297 1501 (lc

146 1526 402 1590 Menehercmer
430 1525 620 1592 manerium
642 1523 728 1588 illud
750 1524 794 1588 de
819 1522 869 1588 eis
891 1522 1007 1587 tenuit
1035 1543 1097 1608 per
1121 1522 1296 1588 servitium

145 1612 305 1692 militare,
321 1618 386 1677 etc.
431 1613 478 1676 Et
500 1613 573 1696 ipse
590 1632 660 1676 non
677 1610 783 1676 venit
826 1611 873 1674 Et
894 1615 1101 1696 pracceptum
1119 1609 1191 1675 fuit
1208 1608 1296 1677 vicc-

146 1699 263 1765 comiti
295 1700 385 1784 quod
418 1700 642 1764 summoniret
672 1719 749 1764 eum
786 1697 877 1782 quod
914 1704 1004 1762 esset
1037 1698 1093 1762 hic
1125 1697 1169 1763 sd
1206 1697 1298 1763 hunc

146 1787 245 1853 diem
291 1788 337 1852 Et
358 1787 542 1852 vicecomes
568 1785 676 1852 nichil
699 1786 778 1852 inde
802 1785 899 1865 fecit,
926 1789 979 1850 set
1006 1784 1183 1850 mundavit
1207 1784 1299 1870 qnod

147 1875 334 1960 Episcopus
357 1874 464 1939 nichil
487 1874 591 1939 habet
616 1874 654 1937 in
677 1872 802 1938 balliva
823 1893 885 1937 sua
909 1878 1005 1937 extra
1023 1872 1197 1939 libertates
1218 1893 1298 1938 suas

146 1962 206 2026 ubi
227 1967 442 2046 potest....
486 1959 1009 2043 Ettcstatnmestquodhabet
1029 1963 1299 2027 terrasetteuo·

147 2055 264 2112 menta
287 2049 324 2112 in
351 2049 516 2114 comitatu
536 2047 680 2114 Eboraci
702 2047 747 2112 sd
765 2046 969 2113 sufficientia
989 2046 1047 2111 nbi
1069 2050 1185 2132 potest
1205 2069 1299 2114 sum·

148 2135 281 2200 moniri.
327 2135 411 2201 Ideo
433 2142 639 2222 pmceptum
664 2138 718 2200 est
740 2133 930 2198 vicecomiti
956 2133 1125 2200 Eboraci.
1143 2183 1152 2200 .
1169 2182 1178 2200 .
1196 2155 1299 2200 ‚eum

149 2223 238 2306 quod
260 2223 307 2288 sit
329 2224 420 2307 opud
445 2223 676 2310 leycestriam
698 2244 721 2287 s
743 2222 799 2286 (lie
824 2220 941 2287 Sancti
965 2220 1145 2287 Michaelis
1168 2221 1206 2286 in
1229 2226 1300 2290 tres

149 2310 368 2395 septimanas.

213 2430 388 2496 lohannes
411 2431 501 2495 lilius
515 2431 538 2494 J
540 2429 685 2496 ohannis
706 2430 748 2497 de
763 2428 966 2495 Middelton’
982 2436 1017 2495 ct
1039 2429 1201 2511 Luciana,
1216 2450 1302 2496 uxor

149 2605 192 2668 de
209 2604 401 2669 Wodehall'
417 2604 459 2669 de
480 2605 606 2688 plscito
626 2605 715 2689 quod
730 2605 948 2670 warrantizet
969 2604 1018 2670 eis
1041 2626 1148 2669 unum
1170 2626 1302 2672 mesua-

149 2691 245 2778 gium
261 2696 296 2757 et
310 2691 457 2777 triginta
476 2713 572 2756 acras
586 2696 685 2757 terrae
707 2712 781 2757 cum
807 2691 1027 2777 pertinentiis
1047 2692 1082 2756 in
1099 2691 1300 2779 Bylyndon’,

149 2801 224 2863 quae
247 2783 368 2844 tenent
382 2782 419 2844 et
443 2778 486 2843 de
509 2799 550 2844 ec
572 2782 689 2844 tenere
713 2779 872 2860 clamant,
888 2782 924 2846 et
939 2778 1030 2845 unde
1052 2783 1183 2846 cartam
1204 2801 1298 2846 suam

148 2867 288 2947 habent,
309 2871 374 2933 etc.
419 2867 466 2930 Et
485 2866 557 2950 ipse
577 2887 646 2930 non
672 2866 777 2930 venit.
822 2867 869 2930 Et
893 2869 1099 2951 proseptum
1120 2866 1191 2932 fuit
1213 2867 1302 2934 vice-

150 2954 267 3018 comiti
282 2953 372 3038 quod
396 2954 618 3020 summoniret
640 2974 717 3017 eum
733 2953 822 3037 qnod
843 2957 935 3019 esset
954 2953 1010 3019 hic
1025 2953 1069 3018 ad
1093 2953 1185 3021 hunc
1199 2953 1301 3022 diem.

150 3041 196 3105 Et
211 3040 394 3107 vicecomes
417 3040 524 3106 nichil
547 3041 628 3106 inde
649 3040 745 3120 fecit,
762 3044 814 3106 set
837 3044 987 3105 testatur
1009 3040 1098 3126 quod
1121 3041 1303 3128 predictus

150 3128 321 3194 chricns
346 3128 453 3192 nichil
473 3128 577 3192 habet
597 3128 632 3191 in
655 3127 780 3192 ballivo
797 3148 858 3192 sna
878 3127 937 3193 ubi
960 3131 1074 3214 potest
1091 3128 1303 3195 summoniri.

150 3216 197 3279 llt
207 3218 373 3280 testatum
383 3218 436 3281 est
447 3214 537 3300 quod
552 3214 656 3280 habet
667 3218 776 3279 terres
789 3218 824 3279 et
833 3219 1030 3283 tenemento
1042 3215 1085 3281 ed
1101 3215 1305 3283 sufficientia

150 3302 186 3366 in
202 3303 367 3368 comitatu
381 3302 526 3368 Eboraci
541 3302 600 3366 ubi
615 3305 730 3387 potest
744 3302 954 3368 summoniri.
999 3302 1082 3369 Ideo
1100 3306 1305 3391 preceptum

151 3394 204 3454 est
219 3389 406 3457 vicecomiti
428 3389 518 3473 quod
540 3389 746 3454 summoniat
768 3410 845 3454 eum
866 3389 957 3474 quod
980 3389 1026 3454 sit
1048 3390 1139 3477 apud
1162 3392 1304 3478 hoyccs·

151 3477 253 3542 triam
268 3499 289 3542 a
304 3477 359 3542 (lie
376 3476 495 3543 Sancti
509 3475 688 3542 Michaelis
703 3475 824 3543 intres
840 3477 1057 3562 septimanos.

217 3598 408 3664 Willelmus
428 3598 470 3663 (le
485 3596 605 3664 Oastre
628 3597 854 3663 summonitus
876 3596 946 3662 fuit
968 3597 1013 3662 ad
1035 3617 1088 3663 res
1134 3597 1306 3664 ndendum

153 3686 363 3771 Gwychsrdo
381 3686 423 3753 do
445 3684 612 3750 Chanum
627 3687 662 3750 et
684 3684 847 3765 IssheIlae,
872 3683 981 3766 uxori,
1007 3684 1050 3750 de
1071 3683 1198 3771 pacito
1216 3686 1307 3770 quod

154 3777 272 3837 teneat
296 3773 345 3837 eis
373 3772 630 3838 conventionem
656 3773 830 3837 intereos
860 3771 990 3838 factum
1016 3773 1056 3839 dc
1086 3772 1237 3839 manerio
1263 3773 1306 3840 dc

153 3859 300 3924 Horton'
316 3859 633 3944 compertinentiis.
678 3860 726 3924 nt
737 3858 928 3924 Willelmus
939 3859 1044 3940 venit,
1060 3861 1096 3926 at
1111 3859 1307 3927 concordati

155 3949 236 4010 sunt
250 3966 311 4033 per
322 3946 504 4012 licentiam.
549 3947 596 4010 Et
607 3945 757 4014 habeant
768 3967 910 4033 cyrogro
934 3945 1043 4013 hum.²
1085 3947 1132 4013 Et
1146 3946 1309 4034 predicta

154 4033 302 4098 Isabello
325 4033 424 4117 ponit
447 4031 521 4099 loco
537 4054 597 4101 suo
620 4033 840 4120 Radnlphnm
862 3969 1063 4121 debarsop
1078 4034 1120 4103 de
1143 4034 1307 4122 capiendo

154 4121 365 4208 cyrographo
382 4141 454 4186 suo.

222 4240 425 4327 Ingeramus
441 4242 482 4307 de
497 4242 685 4307 Warnham
701 4242 862 4329 cognovit
875 4243 966 4328 quod
983 4242 1079 4307 dedit
1093 4246 1129 4311 ct
1144 4243 1310 4310 concessit

322 4360 543 4463 mensumn.
791 4393 802 4426 ¹
827 4396 874 4447 se
901 4396 926 4448 Α
976 4394 1048 4461 nun,
1082 4396 1143 4450 ns
1170 4398 1203 4464 qt
1224 4398 1311 4466 nm,

583 4501 584 4504 a
759 4462 917 4528 uso-so„
957 4461 1201 4527 annuens.
