2956 4988
336 457 454 504 reema
476 457 575 518 acue,
600 431 937 517 permoramur),
963 438 981 503 7
1005 426 1093 505 cuv.
1117 458 1141 504 1.
1254 437 1318 502 225

163 610 341 680 Juratores
364 611 484 679 dicunt
506 633 609 698 super
623 615 873 680 sacramentum
896 633 996 678 suum
1019 604 1131 698 quoad
1150 611 1314 698 placeam,

163 699 199 763 in
215 721 283 784 qua
297 699 366 764 sita
380 702 433 767 est
448 700 610 785 praedicta
626 699 764 785 capella,
778 699 866 785 quod
878 699 1060 784 pradictus
1074 701 1098 765 J
1098 700 1249 774 ohannes
1261 703 1317 769 est

162 786 242 852 inde
254 787 291 850 in
304 787 438 868 seisina,
451 791 486 854 et
502 788 725 873 curtelagium
741 790 777 852 et
792 786 1006 873 cymiterium
1017 787 1313 873 circupruedictam

163 874 553 959 capellamincluseruut.
588 873 1330 961 Etquoudresiduum,dicuntquodpreedic-¹

160 964 218 1026 tus
233 961 424 1048 Phillippus
440 962 579 1028 inclusit
594 962 687 1026 illam
709 983 922 1028 communem
944 962 1075 1027 fossato
1097 960 1255 1048 et'haya,
1279 965 1315 1028 et

163 1049 251 1133 quod
266 1049 356 1114 idem
371 1049 502 1114 Alanus
518 1070 587 1113 nou
603 1049 707 1115 habet
723 1048 944 1115 sufficientem
963 1070 1179 1125 ,communem
1204 1070 1314 1134 neque

160 1134 304 1201 liberum
331 1137 522 1221 ingressum
545 1141 581 1202 et
608 1158 790 1222 egressum,
817 1139 992 1220 tamquam
1005 1136 1245 1221 pertinen-tem
1269 1137 1313 1202 ad
1349 1217 1354 1225 ἱ
1438 1220 1441 1225 ‚

161 1221 304 1289 liberum
327 1228 558 1290 tenementum
585 1246 684 1289 suum
710 1224 889 1290 incudem
916 1223 1007 1302 villa,
1034 1227 1132 1288 extra
1162 1224 1314 1289 clausum

91 1380 95 1388 ,
159 1311 327 1394 praedictae
342 1333 538 1393 communae,
553 1310 612 1376 ubi
626 1312 808 1397 praedictus
822 1310 953 1376 Alanus
968 1311 1053 1381 fecit
1068 1310 1178 1376 visum
1202 1333 1311 1392 suum,

159 1398 250 1462 unde
266 1398 387 1463 dicunt
397 1420 551 1484 expresse
562 1421 663 1484 super
672 1402 922 1464 sacramentum
934 1420 1043 1478 suum,
1057 1399 1145 1482 quod
1157 1399 1312 1483 praedicti

159 1484 350 1570 Philippus,
382 1486 518 1567 Felicia,
549 1485 746 1567 Nicholaus,
777 1491 812 1551 et
850 1485 1033 1552 Ricardus,
1055 1484 1195 1571 injuste,
1235 1490 1312 1567 etc,

160 1571 415 1637 disseisiverunt
429 1574 628 1658 praedictum
643 1573 791 1638 Alunum
808 1573 849 1636 de
860 1573 1022 1657 praedicta
1031 1573 1313 1640 communaiufra

159 1659 358 1743 pradictum
374 1661 536 1725 clausum.
588 1661 669 1726 ldeo
692 1661 942 1725 consideratum
957 1666 1010 1725 est
1025 1662 1115 1743 quod
1130 1659 1317 1745 praedictus
1438 1668 1442 1673 ’

159 1745 474 1832 Alanusrecuperet
485 1748 644 1812 seisinam
654 1770 750 1813 suam
761 1748 801 1814 de
812 1768 1061 1812 communasua
1072 1747 1165 1811 iufra
1197 1749 1312 1814 raedic-

159 1836 234 1897 tum
247 1837 409 1914 clausum,
426 1857 486 1920 per
501 1835 609 1899 visum
625 1835 888 1920 recognitorum,
904 1838 938 1900 et
961 1833 1150 1919 Philippus,
1174 1770 1312 1916 l'elicia,

161 1919 357 2002 Nicholaus,
368 1926 403 1985 et
415 1922 579 1987 Ricardus
589 1922 624 1985 iu
637 1923 723 1987 mis'.
765 1923 811 1986 Et
823 1920 980 1987 similiter
991 1922 1243 1987 consideratum
1259 1925 1312 1987 est

160 2009 270 2092 quoad
282 2010 479 2093 praediotam
490 2009 641 2094 placeam
650 2010 687 2073 in
697 2009 929 2094 quapraedietu
937 2009 1066 2094 capella
1076 2008 1143 2073 sita
1152 2013 1215 2090 est,
1223 2010 1311 2094 quod

159 2095 339 2179 praedictus
350 2096 480 2161 Alanus
492 2097 579 2160 nihil
591 2098 705 2183 capiat
716 2119 775 2182 per
784 2096 926 2161 assisam
937 2096 1050 2176 istam,
1064 2098 1117 2161 set
1127 2096 1171 2160 sit
1184 2096 1221 2160 in
1233 2096 1309 2161 mis’

159 2202 220 2267 pro
236 2182 323 2248 falso
340 2184 495 2263 clamore,
512 2187 575 2251 etc.
883 2198 889 2206 '

225 2269 383 2355 Dampna
398 2271 465 2355 jm'
481 2272 571 2351 unde
587 2271 751 2336 medietas
767 2273 877 2355 capta.
999 2296 1003 2304 ·

225 2389 416 2457 Willelmus
432 2392 473 2456 de
489 2391 630 2457 Halton’
645 2391 748 2477 petiit
763 2392 799 2456 in
814 2391 991 2469 comitatu,
1003 2389 1188 2456 Ricardum
1202 2372 1308 2464 filirim

160 2477 261 2543 Alani
277 2479 318 2542 de
334 2479 468 2543 Danum
479 2482 520 2544 ut
531 2480 684 2544 nativum
701 2484 736 2544 et
750 2479 937 2564 fugitivum
953 2500 1052 2543 suum
1067 2484 1143 2544 cum
1156 2478 1311 2545 omnibus

160 2565 292 2630 catallis
317 2566 386 2630 suis
413 2570 448 2630 et
475 2570 551 2630 tota
575 2566 708 2652 sequela
733 2566 1028 2650 suaubicumque,
1049 2569 1126 2645 etc,
1147 2565 1199 2630 ita
1222 2568 1312 2650 quod
1379 2645 1384 2655 ι

159 2651 340 2736 pradictus
366 2653 533 2718 Ricardus
556 2654 639 2718 tulit
662 2655 761 2719 breve
788 2655 829 2718 de
855 2653 1013 2717 libertate
1041 2673 1102 2717 sua
1124 2654 1320 2738 probanda,¹

159 2761 219 2823 per
234 2741 322 2823 quod
338 2740 471 2824 loquela
485 2740 597 2824 posita
612 2741 682 2805 fuit
697 2741 763 2805 hic.
809 2742 855 2805 Et
867 2741 965 2804 modo
976 2744 1144 2804 venerunt
1158 2741 1312 2824 praedicti
1432 2758 1444 2777 ⁸

160 2825 353 2892 Willelmus
377 2831 412 2891 et
434 2827 611 2905 Ricardus,
636 2831 671 2894 et
696 2829 875 2912 praedictus
899 2826 1065 2892 Ricardus
1092 2828 1250 2911 cognovit
1276 2818 1313 2893 se

160 2934 232 2979 esse
258 2913 421 2978 villanum
451 2915 603 2999 praedicti
630 2914 804 2981 Willelmi.
865 2914 947 2979 Ideo
977 2913 1228 2993 consideratum
1258 2906 1311 2980 est
1418 2971 1424 2982 .

160 3001 250 3084 quod
264 3001 445 3085 predictus
462 3001 653 3067 Willelmue
669 3006 844 3087 recuperet
858 3001 1258 3086 praedictum-Ricardum
1272 3006 1312 3067 ut

160 3087 323 3153 villanum
351 3110 449 3151 suum
477 3109 553 3153 cum
580 3089 736 3154 omnibus
763 3088 896 3154 catallis
920 3088 990 3152 suis
1014 3091 1049 3154 et
1071 3092 1147 3152 tota
1177 3088 1314 3172 sequela

161 3195 233 3239 sua.
278 3176 325 3240 Et
345 3174 503 3240 similiter
522 3176 611 3243 idem
633 3176 798 3241 Ricardus
823 3176 985 3240 liberetur
1005 3174 1037 3239 ei
1060 3175 1097 3239 in¹
1120 3174 1223 3255 curia,
1245 3179 1310 3242 etc.
1334 3240 1341 3255 ,

160 3263 206 3326 Εὴ
229 3262 409 3346 praedictus
433 3263 599 3328 Ricardus
615 3267 651 3327 et
674 3264 779 3348 plegii
796 3264 848 3327 sui
869 3264 910 3327 de
933 3262 1167 3347 prosequendo
1183 3263 1219 3327 in
1235 3262 1311 3328 mis’

159 3349 240 3432 quia
249 3371 318 3412 non
328 3353 381 3415 est
390 3355 589 3434 prosecutus
601 3351 700 3414 breve
714 3372 812 3415 suum
825 3351 866 3415 de
878 3350 1037 3422 libertate
1050 3370 1112 3414 sua
1126 3350 1312 3434 probanda,

159 3436 300 3515 scilicet,
317 3437 486 3501 Robertus
503 3437 544 3502 de
557 3437 758 3504 Botelaund'
775 3442 810 3502 et
823 3439 846 3518 ,J
848 3438 999 3502 ohannes
1015 3437 1056 3501 de
1072 3437 1188 3517 Herle,
1205 3440 1270 3504 etc.
1296 3467 1299 3471 ’

223 3557 342 3622 Assisa
360 3557 453 3622 venit
473 3559 692 3643 recognitum
709 3559 738 3623 si
757 3558 911 3642 Rogerus
933 3558 973 3624 de
995 3557 1145 3642 Coyuers
1170 3559 1311 3648 injuste,

159 3648 236 3724 etc,
268 3644 391 3709 levavit
422 3645 589 3727 quoddam
618 3645 785 3710 fossatum
800 3643 852 3708 'in
882 3646 971 3709 Hou·
992 3646 1036 3709 ud
1069 3648 1312 3710 nocumentum

159 3731 257 3797 liberi
279 3731 466 3798 tenementi
489 3732 615 3817 Rogeri
638 3734 787 3797 Maudut
810 3733 847 3796 iu
869 3731 1107 3817 ldscheyuettel
1135 3751 1213 3817 posu
1238 3733 1309 3817 pri-

160 3839 260 3897 mam,
287 3822 351 3884 etc.
397 3819 442 3881 Εὴ
472 3820 561 3885 uude
592 3819 676 3885 dicit
706 3820 794 3904 quod
821 3841 897 3884 cum
927 3819 999 3904 ipse
1028 3819 1150 3904 fugare
1181 3819 1312 3885 solebat

160 3905 273 3970 averia
296 3927 357 3970 sua
379 3927 400 3969 a
423 3907 521 3971 domo
548 3929 610 3971 sua
630 3907 665 3969 iu
691 3906 1005 3973 Eschettedirecte
1023 3927 1128 3989 usque
1152 3907 1195 3970 ad
1219 3906 1310 3987 Hou,

159 3997 311 4078 tempore
327 3997 455 4077 aperto,
472 3997 606 4077 oportet
621 3993 733 4077 ipsum
748 3995 850 4058 modo
863 4015 922 4079 per
937 3993 1140 4058 levationem
1158 3993 1311 4078 praedicti

159 4080 293 4158 fossati,
308 4079 469 4165 praedicta
485 4081 597 4144 averia
612 4081 733 4165 fugare
748 4081 883 4166 longius
906 4079 966 4165 per
980 4079 1157 4144 dimidiam
1179 4081 1310 4146 leucam

159 4189 261 4252 quam
276 4167 369 4250 prius
393 4167 505 4232 facere
527 4166 712 4232 consuevit.
757 4169 804 4231 Et
824 4170 886 4233 hoc
903 4167 993 4261 petit
1010 4167 1098 4251 quod
1119 4167 1312 4251 inquiratur

159 4275 220 4339 per
246 4253 398 4319 assisam.
443 4255 490 4318 Εὴ
516 4254 671 4339 Rogerus
695 4255 737 4320 de
761 4255 910 4341 Ooyners
935 4255 1028 4319 venit
1055 4258 1091 4319 et
1114 4254 1199 4320 dicit
1222 4255 1313 4339 quod

193 4403 201 4436 ¹
219 4403 333 4457 Bichurd
353 4406 467 4472 Conyers
478 4407 587 4458 assessed
599 4406 626 4458 in
645 4408 723 4474 goods
734 4402 871 4461 in'Eschet
887 4409 927 4460 ior
939 4408 1049 4475 Subsidy
1062 4407 1089 4458 in
1107 4413 1141 4460 24
1160 4409 1272 4460 Edward
1289 4409 1313 4460 I.

161 4472 230 4539 (loy
242 4473 360 4540 dulcido,
371 4475 528 4536 Nonoumo„
541 4478 638 4538 mal).
809 4489 813 4498 ·

1163 4562 1183 4614 Q
