2956 4988
308 441 421 486 ιιιιιιι
443 441 541 502 aona,
558 441 902 512 ¹ronrrrurrmrarnan,
916 421 968 517 ¹40
991 441 1074 485 nnn.
1098 442 1151 486 111.
1262 419 1304 482 13

159 592 204 659 ut
238 594 327 679 quod
361 594 412 661 ita
437 595 484 660 sit
506 601 641 683 ponunt
665 617 700 661 se
725 617 826 682 super
853 595 1005 661 assisam.
1052 595 1098 659 Et
1119 593 1302 680 pradictus

160 680 326 748 Ricardus
341 684 382 749 de
397 682 574 749 Keneboll'
590 685 674 749 dieit
689 685 776 768 quod
791 704 907 749 revera
916 683 1096 769 pradictus
1113 681 1303 746 Willelmus

160 773 257 854 pater
283 792 363 835 suus
389 771 542 835 vendidit
565 772 727 856 praedieto
752 771 902 836 Roberto
928 771 1127 855 praedictum
1153 771 1303 857 boscum,

160 860 211 919 set
233 856 318 922 dieit
341 859 430 942 quod
451 859 522 943 ipse
545 858 691 923 retinuit
715 858 746 923 ei
767 880 980 923 eommunam
1004 879 1136 944 semper
1151 859 1188 921 in
1203 877 1253 936 eo,
1269 860 1304 921 et

161 943 239 1008 inde
254 944 324 1008 fuit
339 944 375 1007 in
391 945 536 1031 seysina
552 949 588 1010 et
602 946 682 1010 inde
698 945 784 1010 obiit
800 946 948 1026 seisitus,
965 949 1001 1010 et
1015 945 1160 1029 ipsemet
1175 965 1305 1028 semper

160 1035 236 1114 post
260 1035 401 1097 mortem
428 1033 537 1118 patris
560 1033 613 1098 sui
636 1032 753 1097 extitit
768 1034 805 1096 in
827 1033 954 1098 seisina
976 1032 1017 1097 de
1038 1032 1200 1117 praedieta
1215 1052 1301 1096 eom·

161 1138 265 1184 muna
293 1140 398 1204 usque
429 1121 517 1204 quod
546 1119 699 1205 praedieti
733 1119 901 1186 Ricardus
930 1123 966 1184 et
994 1119 1054 1184 alii
1083 1120 1163 1185 inde
1193 1118 1303 1203 ipsum

160 1203 298 1306 injuste,
316 1211 392 1286 ete,
409 1206 677 1287 disseisiverunt,
700 1212 764 1273 etc.
820 1207 866 1271 Et
882 1207 923 1271 de
937 1206 1002 1271 hoe
1024 1206 1124 1293 ponit
1147 1226 1181 1272 se
1204 1226 1306 1291 super

160 1312 311 1358 assrsam.

224 1379 400 1445 Juratores
429 1381 548 1447 dicunt
578 1381 666 1466 quod
695 1381 849 1466 praedieti
886 1380 1053 1446 Ricardus
1083 1385 1118 1446 et
1147 1380 1206 1444 alii
1235 1401 1303 1444 nou

162 1466 417 1535 disseisiverunt
446 1468 643 1553 praedictum
671 1468 854 1534 Ricardum
869 1467 1050 1553 Kyneboll'
1076 1469 1117 1533 de
1143 1466 1306 1553 predicta

161 1574 339 1620 eommuna
360 1559 509 1641 pasturae
523 1557 560 1620 in
576 1556 738 1640 praedicta
752 1555 833 1620 villa
856 1555 995 1641 injuste,
1012 1558 1076 1621 ete.
1094 1555 1183 1620 sieut
1205 1554 1305 1620 breve

161 1641 254 1722 dicit,
285 1643 364 1726 quia
400 1643 519 1707 dieunt
556 1645 644 1727 quod
680 1646 861 1729 postquam
897 1643 1078 1727 pradictus
1115 1640 1304 1706 Willelmus

159 1728 311 1796 vendidit
325 1729 524 1815 praedictum
538 1730 688 1810 boscum,
704 1730 762 1796 ubi
777 1728 939 1815 praedicta
953 1730 1087 1796 cultura
1101 1733 1199 1794 terrae
1215 1749 1306 1793 nune

161 1819 224 1895 est,
254 1838 446 1901 nuncquam
482 1817 554 1902 ipse
584 1817 621 1881 in
655 1839 695 1882 eo
733 1817 996 1883 communicavit
1024 1837 1086 1882 nec
1123 1816 1304 1902 praedictus

160 1902 336 1969 Ricardus.
402 1904 447 1969 at
501 1904 577 1971 ideo
621 1905 872 1970 consideratum
910 1908 962 1969 est
1000 1905 1088 1988 quod
1125 1902 1305 1989 praedietns

161 1990 326 2057 Ricardus
347 1994 383 2056 et
404 1991 463 2056 alii
486 1992 565 2057 inde
580 1991 700 2076 quieti.
749 1992 797 2055 Et
821 1992 1002 2076 pradictus
1026 1991 1194 2057 Ricardus
1218 1989 1305 2054 nihil

162 2078 274 2163 sapiat
295 2100 356 2164 per
378 2078 519 2144 assisam
542 2079 656 2159 istam,
672 2081 725 2144 set
740 2079 787 2143 sit
801 2079 838 2143 in
864 2079 939 2143 mis'
954 2100 1015 2164 pre
1034 2078 1122 2144 falso
1149 2078 1305 2159 elamore,

160 2186 220 2249 per
233 2165 384 2252 plegium
398 2166 546 2232 Roberti'
556 2167 597 2232 de
612 2166 790 2252 Hydewyn
806 2170 840 2233 et
854 2166 936 2232 Adae
952 2168 994 2231 de
1009 2164 1198 2232 Benewell'.

223 2293 343 2359 Assisa
371 2294 465 2361 venit
502 2294 720 2379 recognitum
757 2294 787 2359 si
819 2295 985 2360 Ricardus
1015 2296 1056 2359 de
1085 2295 1239 2359 Houton'
1270 2300 1306 2360 et

161 2381 354 2447 Willelmus
370 2382 412 2446 de
427 2381 542 2447 Mallel
567 2382 708 2468 injuste,
724 2384 802 2462 ete,
819 2383 1076 2448 dissaisiverunt
1094 2381 1303 2447 Willelmum

163 2466 327 2569 ΗιιιινίΙΡ9
357 2468 397 2535 de
433 2467 540 2533 libero
562 2473 758 2569 tenemento
796 2490 857 2534 suo
893 2471 934 2570 iu·
974 2469 1189 2570 Ripplinton,
1227 2476 1306 2554 post

162 2577 316 2650 primam,
332 2560 395 2621 ete.
442 2557 487 2620 Et
509 2556 600 2620 unde
623 2561 776 2640 queritur
791 2557 879 2641 quod
902 2557 1157 2623 disseisrverunt
1172 2579 1248 2622 eum
1265 2558 1306 2622 de

161 2644 243 2706 umtl
280 2641 366 2707 aeris
403 2646 502 2708 terrae
539 2664 615 2708 eum
651 2643 880 2728 pertinentiis,
919 2647 982 2711 ete.
1049 2644 1174 2708 Postea
1210 2644 1305 2709 venit

161 2729 342 2830 praedictus
357 2729 550 2794 Willelmus
566 2733 601 2794 et
616 2730 761 2796 retraxit
776 2751 811 2830 se
828 2732 869 2797 de
892 2730 984 2795 brevi
1008 2751 1079 2795 suo.
1133 2730 1216 2795 Ideo
1239 2731 1306 2814 ipsi

162 2822 194 2883 et
223 2816 329 2902 plegii
365 2816 419 2881 sui
448 2818 489 2882 de
519 2818 749 2902 prosequendo
779 2839 815 2880 m
846 2818 932 2898 mis’,
963 2818 1104 2897 scilieet,
1131 2816 1305 2883 Gilbertus

161 2904 358 2989 praepositus
382 2904 424 2968 de
454 2904 665 2990 Brodewyk’³
695 2909 731 2969 et
760 2904 933 2970 Gilbertus
964 2904 1054 2970 fflius
1085 2904 1233 2969 Mabiliae
1264 2905 1304 2969 de

162 2992 312 3143 eVanilimlin
333 2990 649 3143 Plggiffilpraedieti
674 2991 839 3056 Willelmi
863 2993 904 3056 de
930 2991 1006 3056 mis’
1030 3013 1102 3073 sua,
1126 2992 1306 3077 praedictus

246 3100 264 3145 e
313 3099 353 3143 us
392 3099 410 3143 e
499 3100 527 3144 e.

223 3207 416 3273 Willelmus
454 3208 495 3273 de
531 3207 697 3272 Hauvill’⁴
733 3209 793 3273 dat
830 3207 1004 3273 dimidiam
1039 3208 1199 3274 maream⁵
1230 3229 1305 3274 cum

162 3295 334 3360 Willelmo
360 3295 452 3360 Male
478 3295 519 3360 de
543 3294 670 3380 placito
695 3296 810 3361 assisae
835 3297 954 3360 mortis
978 3297 1215 3361 antecessoris.
1260 3297 1307 3360 Et

161 3383 340 3469 pradictus
366 3381 559 3447 Willelmus
589 3383 630 3447 de
660 3381 752 3447 Male
782 3383 843 3447 dat
869 3382 1043 3446 dimidiam
1071 3404 1219 3449 maroam
1243 3405 1306 3469 pro

162 3471 286 3537 eodem.
331 3468 493 3533 Habeant
508 3470 765 3554 cyrographum.

223 3600 246 3665 J
248 3597 375 3678 uliana,
391 3618 464 3682 quse
480 3597 548 3662 fuit
562 3619 648 3663 uxor
662 3598 804 3664 Roberti
815 3598 1027 3680 Hendeman‚
1043 3599 1142 3684 ponit
1156 3599 1229 3664 loeo
1245 3621 1306 3665 suo

162 3688 332 3773 Rogerum
370 3685 477 3748 filium
507 3685 646 3750 Ricardi
675 3685 728 3750 vel
758 3685 984 3750 Laureneium
1013 3686 1161 3751 Fabrum
1191 3709 1306 3754 versus

162 3771 365 3839 Matillidem
383 3771 497 3836 ,filiam
521 3771 693 3837 Gundred’
712 3776 748 3837 et
768 3773 853 3837 alios
875 3773 1069 3838 nominatos
1092 3773 1129 3836 in
1150 3774 1243 3839 brevi
1264 3777 1306 3840 de

160 3861 285 3947 placito
300 3858 413 3944 assises
424 3858 548 3923 mortis
563 3860 798 3940 antecessoris,
815 3864 880 3925 etc.

194 4020 201 4052 ¹
219 4020 333 4071 william
351 4019 374 4071 la
387 4019 457 4070 Male
474 4018 534 4070 held
545 4035 560 4069 a
571 4017 651 4069 moiet
680 4019 708 4069 oi
790 4018 800 4047 ⁴
819 4019 938 4085 Geoffrey
949 4035 994 4070 son
1011 4019 1062 4071 and
1079 4020 1136 4072 hair
1149 4021 1178 4071 oi
1190 4020 1306 4074 William

162 4087 332 4153 aipplington
344 4088 372 4137 of
382 4087 428 4138 the
447 4087 550 4151 Bsrony
562 4087 590 4137 oi
600 4086 634 4136 W
661 4090 707 4137 ten
757 4084 789 4136 de
806 4085 913 4137 Hauvill
933 4089 1000 4152 (laq.
1013 4089 1085 4137 PM.
1097 4090 1197 4175 ‘imm'
1209 4090 1305 4175 1.„N0.

164 4155 399 4272 (zssi‘ilisiiidlgl’
430 4153 604 4280 niviii'sonor
616 4218 707 4270 Aricia
756 4152 1205 4283 ὲὲἒιίᾗαῗιθὶἓεξθῖἳῗῖἷοαῖ2ἓί
1222 4156 1306 4218 hm,

162 4288 219 4338 dau.
231 4288 259 4337 oi
279 4286 393 4337 Richard
410 4287 433 4338 le
443 4285 533 4346 Masls,
545 4301 596 4336 uas
607 4285 663 4337 hsir
680 4285 708 4335 of
790 4284 800 4315 ⁶
818 4287 872 4336 Pro
891 4287 993 4336 lieentia
1010 4290 1186 4349 concordandi,
1197 4287 1306 4342 omitted

162 4354 206 4406 the
216 4353 272 4405 said
285 4352 374 4416 Avida
388 4350 457 4417 (Cal.
473 4354 543 4413 Gen,
555 4351 572 4402 i.
585 4354 639 4415 41).
756 4350 826 4404 here.

194 4419 206 4452 ⁸
222 4418 377 4475 Brotheriek
386 4417 414 4472 iu
425 4418 593 4470 Warkworth
605 4418 706 4471 Parish.
