2956 4988
262 466 376 512 asam
398 467 494 527 aona,
517 467 855 528 noarnvuananarvn,
878 447 921 512 40
943 467 1027 512 111.
1051 468 1106 513 m.
1203 446 1267 512 107

122 620 160 684 in
190 640 309 705 campo
333 621 374 686 de
403 620 567 685 Karham.
612 620 780 686 Robertns
809 620 897 684 filius
927 619 1112 705 laudulphi,
1139 620 1268 705 primus
1289 618 1355 666 *s

123 707 290 788 inventor,
307 707 400 772 venit
424 712 459 772 11
477 728 547 771 111
568 707 815 772 malcoreditur.
859 710 905 772 Et
924 708 1105 793 pradictus
1121 708 1268 773 Thomas

124 795 243 860 statim
268 795 362 880 fugit
388 793 425 857 in
449 794 598 860 Scotiam
624 798 659 861 11
685 795 933 874 malecreditur,
952 795 1028 861 ideo
1052 795 1210 881 exigatur
1232 797 1269 860 et

124 881 308 967 utlagatur.
352 881 387 945 N
388 881 513 947 escitur
527 882 568 947 (11
584 880 726 960 catallis,
744 883 823 966 quia
837 886 1027 948 extraneus.

190 983 337 1065 Quidam
366 985 602 1050 malefactores
635 985 782 1070 ingnoti,
807 986 848 1050 de
876 984 1002 1064 Scotia,
1026 988 1193 1050 venerunt
1223 985 1267 1048 ad
1293 974 1370 1034 V

125 1072 263 1137 domum
278 1070 423 1137 Gilberti
446 1071 526 1138 Coei
547 1073 589 1136 de
612 1073 757 1138 Carham
780 1076 815 1136 et
837 1077 998 1156 ceperunt
1020 1071 1068 1135 ibi
1091 1072 1269 1156 quemdam

125 1158 300 1224 Maculam
320 1159 361 1223 de
378 1158 502 1239 Scotia,
518 1163 553 1224 et
575 1159 686 1244 ipsum
702 1159 939 1224 decolaverunt
960 1162 1056 1224 extra
1071 1159 1217 1239 domum,
1234 1162 1269 1224 et

126 1245 245 1311 statim
259 1246 424 1331 fugerunt
438 1246 473 1309 in
501 1247 659 1311 Scotiam.
707 1245 896 1311 Willelmus
912 1246 1002 1310 filius
1027 1246 1183 1326 Walteri,
1199 1245 1267 1330 pri-

124 1354 201 1397 mus
216 1333 382 1412 inventor,
394 1334 487 1397 venit
502 1336 537 1397 et
553 1354 621 1397 non
637 1333 883 1398 malecreditur.
929 1333 975 1396 Et
986 1332 1111 1398 villatae
1126 1333 1167 1398 de
1178 1333 1268 1398 Kar·

123 1420 229 1500 ham,l
260 1419 450 1500 Prestefen,
480 1420 683 1505 Manylavve,
713 1424 749 1484 et
775 1419 947 1499 Mildrum,
978 1423 1013 1485 et
1042 1420 1268 1486 Lavernemue

124 1507 352 1592 sepeliverunt
375 1528 452 1572 eum
477 1507 549 1572 sine
571 1507 646 1572 visu
672 1507 894 1586 coronatoris,
919 1507 995 1571 ideo
1019 1505 1056 1571 in
1077 1505 1165 1572 mis'.
1222 1508 1268 1572 Et

124 1595 296 1659 Walterus
323 1594 364 1660 de
389 1594 591 1680 Predervvyk
615 1594 701 1659 fecit
721 1615 756 1659 se
778 1598 1022 1674 coronatorem,
1045 1597 1081 1659 11
1103 1615 1172 1659 111
1198 1593 1269 1658 fuit

123 1688 312 1761 coronator,
327 1680 404 1746 ideo
417 1680 454 1744 in
468 1681 554 1746 mis'.

189 1802 349 1883 Quadam
371 1801 500 1866 textrix
526 1801 567 1865 de
589 1801 815 1865 Brankeston'
838 1802 943 1865 exivit
963 1802 1004 1866 (11
1026 1801 1125 1866 domo
1148 1823 1210 1866 sua
1232 1803 1269 1866 in

124 1890 242 1954 eadem
257 1889 349 1968 villa,
374 1892 409 1952 et
432 1893 613 1972 antequam
636 1888 749 1968 rediit,
766 1888 940 1954 combusta
961 1890 1031 1953 fuit
1053 1889 1172 1960 domus
1196 1907 1285 1953 sua

124 1977 169 2040 at
185 1976 321 2059 quidam
335 1996 430 2060 puer,
447 1976 558 2039 aetatis
573 1975 716 2040 duorum
739 1996 916 2054 annorum,
933 1977 1126 2041 combustus
1148 1977 1218 2040 fuit
1232 1976 1269 2039 in

121 2063 250 2129 eadem.
295 2062 429 2126 Primus
451 2062 607 2127 inventor
629 2063 726 2126 obiit.
771 2061 894 2127 Nullus
917 2062 996 2127 inde
1018 2062 1267 2129 malecreditur.

124 2149 147 2214 J
148 2149 308 2228 udicinm,
324 2149 563 2212 infortunium.

191 2260 351 2341 Quasdam
375 2258 498 2345 puella,
526 2260 637 2325 aetatis
664 2260 808 2324 duorum
831 2282 1008 2342 annorum,
1033 2261 1173 2326 inventa
1198 2261 1269 2327 fuit

126 2349 299 2414 submersa
313 2347 350 2410 in
365 2369 454 2432 aqua
469 2348 510 2412 de
526 2344 658 2414 Glcne.²
701 2347 905 2426 Willelmus,
921 2352 1019 2432 pater
1041 2350 1123 2433 ejus,
1138 2349 1268 2433 primus

125 2435 290 2514 inventor,
308 2456 374 2499 non
390 2433 484 2500 venit
499 2440 533 2500 11
548 2435 618 2498 fuit
634 2434 844 2499 attachiatua
858 2456 919 2518 per
934 2434 1143 2500 Willelmum
1159 2435 1268 2500 filium

123 2522 295 2607 Radulphi
311 2523 353 2586 de
363 2521 501 2605 Hetpol’
518 2525 553 2586 11
567 2522 765 2601 Robertum,
780 2521 923 2586 fratrem
939 2521 1026 2605 ejus,
1037 2522 1112 2586 ideo
1127 2522 1164 2586 in
1179 2522 1267 2588 mis'.

123 2609 247 2674 Nullus
262 2607 341 2675 inde
357 2607 603 2673 malcoreditur.
649 2609 671 2673 J
673 2608 833 2688 udicium,
849 2608 1085 2673 infortunium.

190 2722 301 2787 Adam
318 2721 387 2785 Sak
402 2720 527 2785 occidit
539 2720 649 2785 Adam
664 2720 950 2785 Molendinarium
965 2721 1027 2785 sub
1043 2721 1216 2786 canonicis
1227 2722 1269 2787 de

127 2809 314 2893 Kyrlrham.
359 2809 381 2873 J
383 2808 535 2872 ohannes
550 2808 687 2889 Mutua,
703 2808 832 2893 primus
848 2807 1016 2888 inventor,
1033 2809 1127 2873 venit
1149 2813 1184 2875 et
1199 2831 1269 2875 non

125 2895 371 2961 malecreditur.
417 2895 463 2958 at
487 2894 669 2978 praedictus
699 2895 809 2958 Adam
834 2895 928 2979 fugit
957 2898 992 2959 et
1022 2894 1268 2978 malccreditur,

126 2983 202 3048 ideo
217 2983 375 3067 exigatur
389 2986 424 3046 et
436 2981 619 3067 utlagatur.
652 2980 785 3046 Catella
797 2981 872 3065 ejus
887 2981 922 3066 xj
933 2982 970 3060 ε’,
981 2982 1071 3046 unde
1086 2982 1268 3048 vicecomes

126 3070 338 3154 respondeat.
394 3069 440 3132 at
466 3068 591 3133 villata
615 3069 656 3133 (11
680 3067 814 3147 Κ1111’,8
838 3066 1013 3147 Holthale,
1040 3069 1208 3149 Palrton',
1233 3074 1269 3135 et

124 3157 297 3224 Nevveton’
313 3177 383 3220 non
398 3157 563 3220 venerunt
578 3155 621 3220 ad
630 3155 896 3239 inquisitionem,
908 3155 984 3220 ideo
993 3156 1029 3219 in
1041 3156 1129 3237 mis',
1140 3161 1175 3221 11
1189 3157 1270 3241 quia

126 3244 353 3329 sepeliverunt
368 3263 444 3307 eum
462 3242 534 3306 sine
549 3242 623 3306 visu
639 3242 857 3307 coronatoris.

191 3364 301 3427 Adam
318 3363 358 3427 de
374 3362 532 3426 Palxton’
548 3362 652 3447 ejecit
674 3363 849 3446 quemdam
867 3361 1029 3426 villanum
1052 3384 1162 3442 suum,
1179 3363 1271 3430 Gile-
1318 3358 1365 3413 ,x’

126 3451 257 3515 minum
283 3450 430 3529 nomine,
457 3450 497 3516 de
524 3449 623 3513 domo
650 3470 720 3513 sua.
766 3450 811 3513 Et
833 3450 922 3513 idem
950 3449 1149 3531 Gileminus,
1171 3455 1270 3517 nocte

128 3543 298 3622 sequente,
322 3535 481 3622 apposuit
505 3537 642 3620 iugnem
665 3536 702 3599 in
725 3536 886 3621 praedicta
908 3536 1007 3600 domo
1030 3543 1064 3601 11
1086 3538 1271 3603 combussit

127 3645 202 3690 eam
211 3650 221 3705 ;
244 3628 279 3688 et
289 3625 408 3688 statim
419 3623 513 3707 fugit
525 3629 560 3687 11
571 3623 819 3703 malcoreditur,
829 3623 905 3688 ideo
917 3624 1076 3709 exigatur
1090 3628 1125 3690 et
1141 3625 1271 3711 utlage·

126 3716 194 3777 tur.
238 3711 346 3775 Nulla
361 3711 484 3775 habuit
499 3711 635 3775 catalla.

192 3833 432 3900 Malefactores
447 3832 584 3918 ingnoti
607 3832 849 3917 burgaverunt,
867 3834 908 3897 de
923 3838 1035 3913 nocte,
1051 3834 1188 3898 domum
1203 3834 1271 3900 aa
1292 3834 1363 3931 s¹
1382 3890 1397 3925 7

127 3921 216 3986 berti
230 3921 290 3985 filii
307 3920 456 3985 Galfridi
471 3920 508 3983 in
523 3919 689 3999 Palxton3
714 3921 749 3983 et
763 3919 873 4003 ipsum
886 3920 1072 3984 Robertum
1087 3923 1123 3986 et
1134 3941 1270 3985 uxorem
1319 3920 1325 3969 ⁴
1349 3928 1364 3947 ⁴

129 4030 224 4073 suam
255 4008 458 4093 ligaverunt,
487 4010 522 4071 11
547 4008 638 4071 bona
679 4027 740 4070 sua
783 4011 1053 4091 asportaverunt,
1087 4012 1122 4073 et
1153 4008 1271 4073 statim

127 4095 293 4182 fugerunt
307 4095 345 4158 in
362 4094 522 4160 Scotiam.

192 4199 361 4264 Robertus
390 4198 518 4283 Sherep
542 4194 710 4282 percussit
735 4196 954 4282 Radulphum
978 4198 1102 4279 Bonar,
1126 4198 1271 4282 quodam

163 4336 307 4399 'catham
325 4336 433 4388 Pmason
452 4336 496 4400 (1),
515 4335 681 4401 Moneylawa,
762 4334 905 4398 ³Kilham‚
941 4335 1060 4400 Hovvtell,
1095 4336 1199 4399 Pastor,
1221 4338 1272 4390 and

129 4402 511 4523 quffi,3qqlnlseamouth.
730 4400 849 4454 Newtcn.
