2956 4988
205 449 210 462 '
263 463 379 508 nssmu
401 464 501 526 nonu,
524 464 863 526 nonruuuuuuusun,
887 445 930 510 lo
953 465 1036 511 usu.
1060 464 1115 510 111.
1225 444 1264 509 41

112 616 218 682 libere
246 617 414 683 concessit
438 618 563 684 molere
590 621 706 685 omnia
731 619 833 684 blada
854 641 916 685 sua
931 619 972 684 de
988 618 1089 685 terris
1106 619 1176 684 suis
1192 639 1270 704 pro·

113 705 289 770 venientia
314 705 352 768 in
377 706 495 772 eadem
520 707 604 772 villa
628 709 671 772 ad
697 708 897 792 praedictum
925 706 1168 786 molendinum,
1186 727 1269 791 quas

114 796 223 857 terras
240 793 331 857 idern
345 792 512 858 Ricardus
531 797 628 859 tenet
652 796 694 859 de
710 795 799 858 dono
825 794 977 879 ejusdem
994 792 1171 873 Willelmi,
1186 815 1269 878 prae-

115 879 227 944 dictus
248 880 358 943 Adam
370 880 443 964 jam
466 881 608 945 dimidio
633 903 723 946 anno
745 881 860 965 elapso
886 902 955 945 non
981 880 1137 965 permisit
1157 881 1271 965 ipsum

114 965 217 1032 libere
230 966 354 1031 molere
366 967 409 1030 ad
420 968 622 1051 praedictum
634 967 865 1033 molendinum
878 968 967 1032 sicut
979 968 1167 1046 consuevit,
1179 967 1270 1033 unde

115 1052 200 1117 dicit
216 1053 305 1138 quod
321 1053 546 1120 deterioratus
567 1058 620 1119 est
640 1058 676 1120 et
699 1055 883 1140 dampnum
906 1055 1011 1119 habet
1025 1055 1069 1118 ad
1085 1054 1271 1119 valentiam

115 1139 199 1204 xls'.
260 1141 307 1204 Et
331 1140 412 1205 inde
438 1141 595 1225 producit
622 1146 760 1222 sectam,
787 1146 852 1207 etc.
907 1143 953 1205 Et
976 1141 1088 1204 Adam
1113 1140 1208 1206 veuit
1235 1143 1270 1205 et

115 1227 272 1294 defendit
298 1226 367 1290 vim
391 1231 427 1291 et
452 1227 617 1313 injuriam
638 1229 783 1312 quande,
811 1233 875 1293 etc.
932 1229 978 1292 Et
1001 1228 1086 1293 bene
1113 1227 1270 1292 defendit

116 1315 206 1398 quod
231 1313 323 1378 idem
347 1313 514 1379 Ricardus
541 1315 671 1379 nullam
697 1315 839 1380 liberam
863 1314 1038 1379 milturam
1057 1316 1126 1397 (cic)
1144 1315 1269 1379 habere

115 1401 215 1467 debet
241 1400 278 1463 in
301 1400 463 1484 praedicto
487 1401 682 1467 molendino
708 1423 770 1467 nec
793 1424 963 1487 uncquam
983 1401 1053 1466 fuit
1076 1402 1113 1465 in
1135 1402 1270 1487 seysina

116 1488 219 1554 libere
235 1487 384 1552 molendi
400 1488 445 1552 ad
460 1489 661 1573 praedictum
683 1489 925 1553 molendinum.
972 1490 1019 1553 Et
1035 1489 1076 1553 de
1092 1490 1156 1553 hoc
1171 1489 1270 1573 ponit

119 1596 154 1639 se
166 1595 267 1659 super
278 1574 435 1659 patriam.
460 1576 506 1638 Et
515 1575 682 1640 Ricardus
695 1576 861 1641 similiter.
885 1576 967 1640 Ideo
979 1576 1041 1639 fiat
1052 1576 1132 1639 inde
1143 1575 1269 1659 jurata.

181 1663 228 1725 Et
252 1662 433 1747 juratores,
457 1663 498 1726 de
521 1683 688 1727 consensu
712 1664 863 1747 partium
887 1662 997 1743 electi,
1022 1663 1142 1728 dicunt
1171 1685 1272 1747 super

118 1753 366 1815 sacramentum
383 1771 482 1812 suum
499 1750 587 1833 quod
604 1770 667 1814 nec
681 1751 863 1835 praedictus
880 1749 1073 1814 Willelmus
1086 1749 1127 1814 de
1140 1749 1270 1814 Droxe-

117 1837 195 1900 ford
225 1836 283 1920 qui
308 1836 455 1900 feofavit
484 1837 685 1920 pradictum
714 1837 900 1902 Ricardum
930 1838 972 1901 de
1001 1837 1103 1901 terris
1134 1837 1204 1901 suis
1235 1837 1272 1899 in

117 1923 279 2008 praedicta
293 1922 384 2001 villa,
402 1944 464 1987 nec
480 1924 570 1987 idem
585 1923 753 1988 Ricardus
768 1928 950 2009 postquam
961 1923 1077 1987 tenuit
1092 1924 1272 2007 praedictas

116 2015 236 2088 terras,
263 2030 433 2093 uncquam
458 2009 653 2074 habuerunt
678 2011 828 2095 aliquam
851 2011 993 2075 liberam
1017 2011 1201 2075 multuram
1229 2011 1273 2075 ad

117 2096 316 2182 praedictum
332 2097 575 2162 molendinum.
621 2097 703 2162 Ideo
726 2099 981 2163 consideratum
1003 2101 1056 2161 est
1079 2099 1168 2180 quod
1190 2121 1274 2182 prae-

118 2184 229 2249 dictus
253 2184 364 2248 Adam
395 2183 474 2248 inde
501 2183 575 2248 sine
602 2183 667 2264 die,
691 2188 726 2249 et
748 2185 917 2250 Ricardus
942 2184 1049 2249 nichil
1077 2185 1192 2269 capiat
1214 2208 1274 2270 per

119 2271 259 2336 assisam
274 2271 388 2350 istam,
404 2275 440 2334 et
456 2270 502 2335 sit
516 2271 553 2334 in
576 2272 652 2336 mis'
676 2293 737 2356 pro
759 2272 848 2336 falso
871 2272 1017 2337 clamore
1038 2291 1099 2356 per
1121 2271 1274 2357 plegium

47 2387 48 2390 ,
119 2358 205 2424 vie}

182 2469 376 2536 Willelmus
407 2469 497 2533 filius
534 2469 675 2534 Ricardi
712 2470 840 2554 optulit
877 2491 912 2537 se
949 2470 1027 2556 iiijto
1064 2470 1119 2537 die
1157 2492 1273 2536 versus

119 2558 141 2622 J
142 2559 314 2622 ohannem
336 2556 444 2620 filium
460 2557 660 2642 Rannulphi
683 2558 724 2621 de
748 2556 876 2642 placito
892 2557 993 2622 unius
1011 2559 1206 2643 messuagii,
1224 2558 1270 2644 xij

121 2666 274 2710 acrarum
289 2647 390 2708 terrae
404 2648 440 2708 et
455 2644 556 2708 unius
571 2666 658 2709 neree
673 2644 765 2729 prati
781 2666 856 2709 cum
877 2645 1095 2728 pertinentiis
1111 2645 1147 2708 in
1163 2646 1274 2712 Heth·

119 2730 285 2817 pole‚quae
297 2730 457 2795 clamavit
466 2731 572 2815 utjus
583 2753 682 2796 suum
691 2752 809 2796 versus
820 2753 897 2797 eum
907 2752 968 2816 per
977 2732 1075 2799 breve
1087 2733 1273 2817 ingressus.

121 2819 166 2882 Et
186 2820 260 2903 ipse
285 2839 354 2881 non
379 2818 485 2897 venit,
502 2822 566 2883 etc.
612 2819 657 2881 Et
680 2818 766 2882 alias
789 2819 874 2883 lecit
890 2819 1055 2884 defaltum
1072 2820 1107 2881 in
1124 2820 1275 2884 crastino

122 2905 236 2972 Clausi
252 2905 402 2970 Pascha.
448 2904 505 2969 Ita
529 2905 618 2989 quod
644 2909 850 2990 praeceptum
874 2905 945 2969 fuit
971 2906 1162 2970 vicecomiti
1185 2907 1276 2990 quod

123 2998 259 3078 caperet
273 2992 438 3077 praedicta
456 2992 697 3077 mesuagium,
713 2996 841 3057 terram
863 2996 899 3057 et
921 2997 1057 3076 pratum
1080 2992 1117 3055 in
1135 3015 1274 3058 manum

122 3079 252 3145 domini
266 3079 382 3162 Regis.
428 3080 474 3143 Et
490 3080 579 3163 quod
595 3080 660 3157 die,
677 3084 742 3144 etc.
788 3080 833 3143 Et
850 3081 938 3163 quod
958 3081 1181 3147 summoniret
1197 3103 1274 3145 eum

122 3168 209 3251 quod
224 3171 315 3231 esset
330 3166 374 3230 ad
389 3165 480 3229 hunc
501 3166 602 3230 diem.
648 3168 693 3230 Et
715 3167 899 3233 vicecomes
922 3170 1071 3232 testatur
1089 3168 1275 3232 summoni-

121 3254 251 3318 tionem
265 3256 301 3318 et
315 3253 406 3318 diem
422 3252 600 3337 captionis.
646 3254 728 3318 Ideo
745 3253 996 3318 consideratum
1013 3258 1065 3319 est
1088 3256 1177 3339 quod
1192 3278 1276 3340 prae-

121 3341 233 3405 dictus
248 3340 416 3404 Ricardus
431 3344 609 3423 recuperet
624 3340 783 3405 seisinam
800 3345 941 3406 suamet
956 3342 978 3405 J
981 3343 1132 3408 ohannes
1142 3343 1179 3405 in
1190 3342 1276 3409 mis'.

188 3451 308 3516 Simon
338 3451 472 3516 Giffard
502 3452 592 3537 petit
621 3473 738 3517 versus
769 3452 981 3516 Willelmum
1015 3454 1056 3520 de
1096 3454 1277 3521 Stikelawe

123 3561 229 3603 unum
252 3537 483 3622 messuagium
506 3542 542 3602 et
564 3540 649 3603 duas
673 3541 814 3604 bovatas
837 3545 935 3605 terrae
959 3561 1035 3604 cum
1058 3542 1277 3641 pertinentiis

123 3627 160 3689 in
177 3626 218 3690 St
219 3625 360 3690 ikelawe
384 3625 461 3689 ut
449 3647 506 3710 Jus
530 3647 629 3690 suum
651 3626 829 3711 perbreve
852 3627 1278 3713 de'1ngressu‚et1nquae

123 3735 193 3777 non
208 3712 338 3776 habet
328 3733 521 3798 mgressum
535 3712 603 3777 nisi
625 3734 686 3797 per
700 3712 885 3779 Ricardum
901 3714 943 3778 de
960 3714 1099 3779 Dalton'
1116 3719 1152 3778 et
1167 3716 1278 3779 Adam

123 3801 165 3867 de
191 3799 373 3879 Hereford‚
402 3799 523 3884 quibus
549 3800 731 3884 praedictus
755 3801 872 3864 Simon
896 3801 957 3864 illa
978 3801 1111 3866 dimisit
1137 3802 1181 3866 ad
1208 3806 1277 3867 ter·

124 3888 265 3967 minum,
281 3890 345 3953 etc.
391 3888 437 3950 Et
453 3886 646 3952 Willelmus
669 3889 764 3952 venit
795 3891 830 3954 et
859 3887 1056 3972 dicitquod
1081 3910 1150 3952 non
1181 3893 1279 3954 tenet

123 3936 321 4059 praedictam
341 3977 480 4052 terram,
501 3994 563 4038 nec
583 3973 699 4038 tenuit
719 3974 774 4038 die
798 3995 864 4058 quo
886 3975 987 4039 breve
1010 3997 1110 4039 suum
1131 3976 1237 4041 fuit
1228 3998 1280 4040 rn-

123 4065 308 4146 petratum‚
326 4059 406 4144 quia
421 4060 506 4125 dicit
522 4060 611 4143 quod
626 4061 794 4126 Ricardus
805 4061 895 4125 filius
905 4061 981 4145 ejus
993 4082 1068 4125 eam
1080 4066 1186 4128 tenet.
1232 4065 1279 4128 Et

125 4149 243 4213 Simon
269 4167 340 4210 non
361 4150 474 4231 potest
498 4147 562 4212 hoc
585 4148 749 4214 dedicere.
795 4149 878 4213 Ideo
895 4148 1088 4214 Willelmus
1109 4150 1189 4213 inde
1205 4151 1279 4216 sine

129 4236 228 4320 [die].
274 4236 320 4298 Et
345 4234 463 4298 Simon
484 4234 521 4296 in
544 4234 620 4299 mis'
635 4257 697 4319 pro
720 4235 809 4300 falso
833 4235 988 4300 clamore.
1035 4237 1081 4300 Et
1103 4237 1280 4321 perquirat

122 4322 189 4388 sibi
204 4343 321 4387 versus
337 4321 536 4406 pradictum
551 4321 738 4387 Ricardum
754 4323 784 4387 si
800 4323 956 4402 voluerit,
973 4327 1038 4389 etc.

124 4468 132 4500 ¹
150 4468 214 4520 This
225 4468 312 4534 might
320 4470 352 4520 be
363 4468 490 4520 exundet
502 4472 530 4519 to
542 4472 694 4520 vicecomitis
705 4484 734 4520 or
745 4473 891 4531 uicinorum,
899 4484 970 4520 more
978 4469 1102 4535 probably
1113 4470 1270 4524 theformer.
