<?xml version="1.0" encoding="UTF-8"?>
<!DOCTYPE html PUBLIC "-//W3C//DTD XHTML 1.0 Transitional//EN"
    "http://www.w3.org/TR/xhtml1/DTD/xhtml1-transitional.dtd">
<html xmlns="http://www.w3.org/1999/xhtml" xml:lang="en" lang="en">
 <head>
  <title>
</title>
<meta http-equiv="Content-Type" content="text/html;charset=utf-8" />
  <meta name='ocr-system' content='tesseract 3.04.00' />
  <meta name='ocr-capabilities' content='ocr_page ocr_carea ocr_par ocr_line ocrx_word'/>
</head>
<body>
  <div class='ocr_page' id='page_1' title='image "./threeearlyassiz00pagegoog_0202.png"; bbox 0 0 2956 4988; ppageno 0'>
   <div class='ocr_carea' id='block_1_1' title="bbox 293 454 1294 542">
    <p class='ocr_par' dir='ltr' id='par_1_1' title="bbox 293 454 1294 542">
     <span class='ocr_line' id='line_1_1' title="bbox 293 454 1294 542; baseline -0.007 -15"><span class='ocrx_word' id='word_1_1' title='bbox 293 480 407 527; x_wconf 76' lang='lat' dir='ltr'>sssraa</span> <span class='ocrx_word' id='word_1_2' title='bbox 430 481 529 542; x_wconf 81' lang='lat' dir='ltr'>noan,</span> <span class='ocrx_word' id='word_1_3' title='bbox 552 479 891 541; x_wconf 70' lang='lat' dir='ltr'>roarnnnnrsmrm</span> <span class='ocrx_word' id='word_1_4' title='bbox 914 459 957 526; x_wconf 76' lang='lat' dir='ltr'>te</span> <span class='ocrx_word' id='word_1_5' title='bbox 979 478 1065 526; x_wconf 72' lang='lat' dir='ltr'>aar.</span> <span class='ocrx_word' id='word_1_6' title='bbox 1086 478 1141 523; x_wconf 88' lang='lat'>111.</span> <span class='ocrx_word' id='word_1_7' title='bbox 1229 454 1294 520; x_wconf 82' lang='grc'>165</span> 
     </span>
    </p>
   </div>
   <div class='ocr_carea' id='block_1_2' title="bbox 140 628 1295 984">
    <p class='ocr_par' dir='ltr' id='par_1_2' title="bbox 140 628 1295 984">
     <span class='ocr_line' id='line_1_2' title="bbox 140 628 1293 721; baseline -0.003 -24"><span class='ocrx_word' id='word_1_8' title='bbox 140 632 237 697; x_wconf 83' lang='lat' dir='ltr'>venit</span> <span class='ocrx_word' id='word_1_9' title='bbox 251 637 287 700; x_wconf 89' lang='lat' dir='ltr'>et</span> <span class='ocrx_word' id='word_1_10' title='bbox 301 636 446 702; x_wconf 86' lang='lat' dir='ltr'>retraxit</span> <span class='ocrx_word' id='word_1_11' title='bbox 461 656 508 717; x_wconf 89' lang='lat' dir='ltr'>se,</span> <span class='ocrx_word' id='word_1_12' title='bbox 523 636 600 702; x_wconf 93' lang='lat' dir='ltr'>ideo</span> <span class='ocrx_word' id='word_1_13' title='bbox 620 635 693 721; x_wconf 87' lang='lat' dir='ltr'>ipse</span> <span class='ocrx_word' id='word_1_14' title='bbox 709 638 745 700; x_wconf 88' lang='lat' dir='ltr'>et</span> <span class='ocrx_word' id='word_1_15' title='bbox 759 633 866 721; x_wconf 85' lang='lat' dir='ltr'>plegii</span> <span class='ocrx_word' id='word_1_16' title='bbox 881 634 934 700; x_wconf 89' lang='lat' dir='ltr'>sui</span> <span class='ocrx_word' id='word_1_17' title='bbox 951 634 992 699; x_wconf 92' lang='lat' dir='ltr'>de</span> <span class='ocrx_word' id='word_1_18' title='bbox 1007 630 1241 719; x_wconf 89' lang='lat' dir='ltr'>prosequendo</span> <span class='ocrx_word' id='word_1_19' title='bbox 1255 628 1293 694; x_wconf 91' lang='lat' dir='ltr'>in</span> 
     </span>
     <span class='ocr_line' id='line_1_3' title="bbox 140 715 1294 874; baseline -0.001 -90"><span class='ocrx_word' id='word_1_20' title='bbox 140 721 230 802; x_wconf 88' lang='lat' dir='ltr'>mis&#39;,</span> <span class='ocrx_word' id='word_1_21' title='bbox 262 722 401 804; x_wconf 81' lang='lat' dir='ltr'>seilicet,</span> <span class='ocrx_word' id='word_1_22' title='bbox 431 724 586 809; x_wconf 85' lang='lat' dir='ltr'>praedioti</span> <span class='ocrx_word' id='word_1_23' title='bbox 622 722 737 874; x_wconf 71' lang='lat' dir='ltr'>plegii.</span> <span class='ocrx_word' id='word_1_24' title='bbox 797 723 843 786; x_wconf 82' lang='lat' dir='ltr'>Et</span> <span class='ocrx_word' id='word_1_25' title='bbox 872 721 1039 787; x_wconf 85' lang='lat' dir='ltr'>Rioardus</span> <span class='ocrx_word' id='word_1_26' title='bbox 1069 724 1105 786; x_wconf 88' lang='lat' dir='ltr'>et</span> <span class='ocrx_word' id='word_1_27' title='bbox 1134 719 1204 800; x_wconf 84' lang='lat' dir='ltr'>alii,</span> <span class='ocrx_word' id='word_1_28' title='bbox 1235 715 1294 803; x_wconf 85' lang='lat' dir='ltr'>qui</span> 
     </span>
     <span class='ocr_line' id='line_1_4' title="bbox 140 807 1295 895; baseline -0.002 -23"><span class='ocrx_word' id='word_1_29' title='bbox 140 808 297 889; x_wconf 84' lang='lat' dir='ltr'>veniunt,</span> <span class='ocrx_word' id='word_1_30' title='bbox 315 810 394 877; x_wconf 91' lang='lat' dir='ltr'>inde</span> <span class='ocrx_word' id='word_1_31' title='bbox 417 811 491 876; x_wconf 91' lang='lat' dir='ltr'>sine</span> <span class='ocrx_word' id='word_1_32' title='bbox 514 811 578 877; x_wconf 89' lang='lat' dir='ltr'>die.</span> <span class='ocrx_word' id='word_1_33' title='bbox 652 815 749 875; x_wconf 89' lang='lat' dir='ltr'>ostea</span> <span class='ocrx_word' id='word_1_34' title='bbox 770 808 865 875; x_wconf 84' lang='lat' dir='ltr'>venit</span> <span class='ocrx_word' id='word_1_35' title='bbox 887 809 1067 895; x_wconf 67' lang='lat' dir='ltr'>pradictus</span> <span class='ocrx_word' id='word_1_36' title='bbox 1088 807 1236 873; x_wconf 76' lang='lat' dir='ltr'>Thomas</span> <span class='ocrx_word' id='word_1_37' title='bbox 1258 807 1295 871; x_wconf 89' lang='lat' dir='ltr'>et</span> 
     </span>
     <span class='ocr_line' id='line_1_5' title="bbox 142 895 835 984; baseline 0.006 -26"><span class='ocrx_word' id='word_1_38' title='bbox 142 895 246 963; x_wconf 89' lang='lat' dir='ltr'>finem</span> <span class='ocrx_word' id='word_1_39' title='bbox 259 896 345 964; x_wconf 82' lang='lat' dir='ltr'>iecit</span> <span class='ocrx_word' id='word_1_40' title='bbox 360 919 422 983; x_wconf 85' lang='lat' dir='ltr'>pro</span> <span class='ocrx_word' id='word_1_41' title='bbox 438 918 473 963; x_wconf 92' lang='lat' dir='ltr'>se</span> <span class='ocrx_word' id='word_1_42' title='bbox 488 902 525 964; x_wconf 88' lang='lat' dir='ltr'>et</span> <span class='ocrx_word' id='word_1_43' title='bbox 539 897 662 984; x_wconf 87' lang='lat' dir='ltr'>plegiis</span> <span class='ocrx_word' id='word_1_44' title='bbox 676 919 738 983; x_wconf 90' lang='lat' dir='ltr'>per</span> <span class='ocrx_word' id='word_1_45' title='bbox 753 897 835 962; x_wconf 83' lang='lat' dir='ltr'>xla&#39;.</span> 
     </span>
    </p>
   </div>
   <div class='ocr_carea' id='block_1_3' title="bbox 142 1032 1295 1540">
    <p class='ocr_par' dir='ltr' id='par_1_3' title="bbox 142 1032 1295 1540">
     <span class='ocr_line' id='line_1_6' title="bbox 208 1032 1295 1121; baseline -0.001 -23"><span class='ocrx_word' id='word_1_46' title='bbox 208 1034 400 1103; x_wconf 88' lang='lat' dir='ltr'>Willelmus</span> <span class='ocrx_word' id='word_1_47' title='bbox 429 1036 470 1102; x_wconf 90' lang='lat' dir='ltr'>de</span> <span class='ocrx_word' id='word_1_48' title='bbox 500 1035 682 1116; x_wconf 80' lang='lat' dir='ltr'>Blumvill’,</span> <span class='ocrx_word' id='word_1_49' title='bbox 712 1034 771 1121; x_wconf 87' lang='lat' dir='ltr'>qui</span> <span class='ocrx_word' id='word_1_50' title='bbox 800 1034 883 1099; x_wconf 88' lang='lat' dir='ltr'>tulit</span> <span class='ocrx_word' id='word_1_51' title='bbox 919 1034 1018 1101; x_wconf 89' lang='lat' dir='ltr'>breve</span> <span class='ocrx_word' id='word_1_52' title='bbox 1048 1032 1168 1098; x_wconf 87' lang='lat' dir='ltr'>mortis</span> <span class='ocrx_word' id='word_1_53' title='bbox 1197 1033 1295 1097; x_wconf 84' lang='lat' dir='ltr'>ante·</span> 
     </span>
     <span class='ocr_line' id='line_1_7' title="bbox 142 1117 1294 1210; baseline -0.002 -23"><span class='ocrx_word' id='word_1_54' title='bbox 142 1123 286 1187; x_wconf 83' lang='lat' dir='ltr'>cessoris</span> <span class='ocrx_word' id='word_1_55' title='bbox 308 1144 424 1188; x_wconf 83' lang='lat' dir='ltr'>versus</span> <span class='ocrx_word' id='word_1_56' title='bbox 446 1124 617 1210; x_wconf 85' lang='lat' dir='ltr'>Rogemm</span> <span class='ocrx_word' id='word_1_57' title='bbox 640 1123 787 1188; x_wconf 85' lang='lat' dir='ltr'>Maudut</span> <span class='ocrx_word' id='word_1_58' title='bbox 810 1125 845 1187; x_wconf 91' lang='lat' dir='ltr'>et</span> <span class='ocrx_word' id='word_1_59' title='bbox 862 1121 973 1187; x_wconf 85' lang='lat' dir='ltr'>Adam</span> <span class='ocrx_word' id='word_1_60' title='bbox 994 1122 1037 1187; x_wconf 91' lang='lat' dir='ltr'>de</span> <span class='ocrx_word' id='word_1_61' title='bbox 1058 1119 1228 1186; x_wconf 88' lang='lat' dir='ltr'>Blumvill’</span> <span class='ocrx_word' id='word_1_62' title='bbox 1251 1117 1294 1185; x_wconf 89' lang='lat' dir='ltr'>de</span> 
     </span>
     <span class='ocr_line' id='line_1_8' title="bbox 143 1205 1295 1296; baseline -0.003 -23"><span class='ocrx_word' id='word_1_63' title='bbox 143 1230 214 1275; x_wconf 89' lang='lat' dir='ltr'>nno</span> <span class='ocrx_word' id='word_1_64' title='bbox 235 1211 439 1296; x_wconf 81' lang='lat' dir='ltr'>messuagio,</span> <span class='ocrx_word' id='word_1_65' title='bbox 455 1210 636 1296; x_wconf 77' lang='lat' dir='ltr'>sexaginta</span> <span class='ocrx_word' id='word_1_66' title='bbox 656 1210 743 1276; x_wconf 88' lang='lat' dir='ltr'>aeris</span> <span class='ocrx_word' id='word_1_67' title='bbox 765 1214 874 1290; x_wconf 81' lang='lat' dir='ltr'>terra,</span> <span class='ocrx_word' id='word_1_68' title='bbox 890 1213 926 1275; x_wconf 90' lang='lat' dir='ltr'>et</span> <span class='ocrx_word' id='word_1_69' title='bbox 947 1207 1058 1274; x_wconf 84' lang='lat' dir='ltr'>tribus</span> <span class='ocrx_word' id='word_1_70' title='bbox 1081 1207 1169 1274; x_wconf 82' lang='lat' dir='ltr'>aeris</span> <span class='ocrx_word' id='word_1_71' title='bbox 1191 1205 1295 1292; x_wconf 89' lang='lat' dir='ltr'>prati,</span> 
     </span>
     <span class='ocr_line' id='line_1_9' title="bbox 144 1294 1295 1382; baseline -0.001 -21"><span class='ocrx_word' id='word_1_72' title='bbox 144 1317 222 1362; x_wconf 86' lang='lat' dir='ltr'>cum</span> <span class='ocrx_word' id='word_1_73' title='bbox 244 1298 474 1382; x_wconf 87' lang='lat' dir='ltr'>pertinentiis,</span> <span class='ocrx_word' id='word_1_74' title='bbox 502 1298 537 1362; x_wconf 94' lang='lat' dir='ltr'>in</span> <span class='ocrx_word' id='word_1_75' title='bbox 564 1298 775 1378; x_wconf 87' lang='lat' dir='ltr'>Bokenfend,</span> <span class='ocrx_word' id='word_1_76' title='bbox 802 1299 949 1363; x_wconf 89' lang='lat' dir='ltr'>nonest</span> <span class='ocrx_word' id='word_1_77' title='bbox 978 1299 1188 1381; x_wconf 82' lang='lat' dir='ltr'>prosecutus,</span> <span class='ocrx_word' id='word_1_78' title='bbox 1218 1294 1295 1360; x_wconf 90' lang='lat' dir='ltr'>ideo</span> 
     </span>
     <span class='ocr_line' id='line_1_10' title="bbox 144 1380 1295 1472; baseline 0 -25"><span class='ocrx_word' id='word_1_79' title='bbox 144 1382 216 1468; x_wconf 90' lang='lat' dir='ltr'>ipse</span> <span class='ocrx_word' id='word_1_80' title='bbox 232 1387 268 1450; x_wconf 88' lang='lat' dir='ltr'>et</span> <span class='ocrx_word' id='word_1_81' title='bbox 282 1384 387 1471; x_wconf 84' lang='lat' dir='ltr'>plegii</span> <span class='ocrx_word' id='word_1_82' title='bbox 403 1386 456 1451; x_wconf 90' lang='lat' dir='ltr'>sui</span> <span class='ocrx_word' id='word_1_83' title='bbox 472 1386 513 1452; x_wconf 90' lang='lat' dir='ltr'>de</span> <span class='ocrx_word' id='word_1_84' title='bbox 528 1385 760 1472; x_wconf 88' lang='lat' dir='ltr'>prosequendo</span> <span class='ocrx_word' id='word_1_85' title='bbox 780 1385 817 1448; x_wconf 89' lang='lat' dir='ltr'>in</span> <span class='ocrx_word' id='word_1_86' title='bbox 839 1383 928 1464; x_wconf 92' lang='lat' dir='ltr'>mis’,</span> <span class='ocrx_word' id='word_1_87' title='bbox 944 1383 1084 1464; x_wconf 82' lang='lat' dir='ltr'>seilicet,</span> <span class='ocrx_word' id='word_1_88' title='bbox 1101 1380 1295 1447; x_wconf 87' lang='lat' dir='ltr'>Willelmus</span> 
     </span>
     <span class='ocr_line' id='line_1_11' title="bbox 145 1470 894 1540; baseline 0.004 -6"><span class='ocrx_word' id='word_1_89' title='bbox 145 1470 187 1538; x_wconf 93' lang='lat' dir='ltr'>de</span> <span class='ocrx_word' id='word_1_90' title='bbox 202 1471 364 1539; x_wconf 82' lang='lat' dir='ltr'>Pandone</span> <span class='ocrx_word' id='word_1_91' title='bbox 379 1476 415 1538; x_wconf 92' lang='lat' dir='ltr'>et</span> <span class='ocrx_word' id='word_1_92' title='bbox 429 1474 599 1539; x_wconf 86' lang='lat' dir='ltr'>Robertns</span> <span class='ocrx_word' id='word_1_93' title='bbox 615 1474 656 1540; x_wconf 90' lang='lat' dir='ltr'>de</span> <span class='ocrx_word' id='word_1_94' title='bbox 671 1472 894 1539; x_wconf 86' lang='lat' dir='ltr'>Botelaunde.</span> 
     </span>
    </p>
   </div>
   <div class='ocr_carea' id='block_1_4' title="bbox 144 1607 1297 2043">
    <p class='ocr_par' dir='ltr' id='par_1_4' title="bbox 144 1607 1295 1870">
     <span class='ocr_line' id='line_1_12' title="bbox 209 1607 1295 1695; baseline -0.001 -23"><span class='ocrx_word' id='word_1_95' title='bbox 209 1608 292 1690; x_wconf 78' lang='lat' dir='ltr'>Eva,</span> <span class='ocrx_word' id='word_1_96' title='bbox 309 1631 382 1695; x_wconf 76' lang='lat' dir='ltr'>qum</span> <span class='ocrx_word' id='word_1_97' title='bbox 395 1609 465 1675; x_wconf 85' lang='lat' dir='ltr'>fuit</span> <span class='ocrx_word' id='word_1_98' title='bbox 487 1631 572 1675; x_wconf 84' lang='lat' dir='ltr'>uxor</span> <span class='ocrx_word' id='word_1_99' title='bbox 586 1610 756 1675; x_wconf 86' lang='lat' dir='ltr'>Ambrosii</span> <span class='ocrx_word' id='word_1_100' title='bbox 772 1609 813 1676; x_wconf 90' lang='lat' dir='ltr'>de</span> <span class='ocrx_word' id='word_1_101' title='bbox 828 1608 1060 1694; x_wconf 86' lang='lat' dir='ltr'>Banmbnrgh,</span> <span class='ocrx_word' id='word_1_102' title='bbox 1075 1607 1164 1693; x_wconf 85' lang='lat' dir='ltr'>petit</span> <span class='ocrx_word' id='word_1_103' title='bbox 1179 1627 1295 1673; x_wconf 81' lang='lat' dir='ltr'>versus</span> 
     </span>
     <span class='ocr_line' id='line_1_13' title="bbox 144 1694 1295 1783; baseline 0 -24"><span class='ocrx_word' id='word_1_104' title='bbox 144 1695 375 1781; x_wconf 78' lang='lat' dir='ltr'>Engeramum</span> <span class='ocrx_word' id='word_1_105' title='bbox 399 1697 441 1761; x_wconf 95' lang='lat' dir='ltr'>de</span> <span class='ocrx_word' id='word_1_106' title='bbox 456 1697 646 1762; x_wconf 82' lang='lat' dir='ltr'>Warnham</span> <span class='ocrx_word' id='word_1_107' title='bbox 665 1698 804 1761; x_wconf 88' lang='lat' dir='ltr'>tertiam</span> <span class='ocrx_word' id='word_1_108' title='bbox 827 1700 959 1783; x_wconf 78' lang='lat' dir='ltr'>partem</span> <span class='ocrx_word' id='word_1_109' title='bbox 979 1694 1126 1781; x_wconf 87' lang='lat' dir='ltr'>triginta</span> <span class='ocrx_word' id='word_1_110' title='bbox 1140 1715 1295 1760; x_wconf 85' lang='lat' dir='ltr'>aerarum</span> 
     </span>
     <span class='ocr_line' id='line_1_14' title="bbox 145 1784 1173 1870; baseline -0.001 -22"><span class='ocrx_word' id='word_1_111' title='bbox 145 1784 244 1848; x_wconf 80' lang='lat' dir='ltr'>terrae</span> <span class='ocrx_word' id='word_1_112' title='bbox 260 1804 335 1848; x_wconf 89' lang='lat' dir='ltr'>oum</span> <span class='ocrx_word' id='word_1_113' title='bbox 351 1785 568 1870; x_wconf 75' lang='lat' dir='ltr'>pertinentiis</span> <span class='ocrx_word' id='word_1_114' title='bbox 583 1785 620 1848; x_wconf 92' lang='lat' dir='ltr'>in</span> <span class='ocrx_word' id='word_1_115' title='bbox 635 1785 866 1869; x_wconf 87' lang='lat' dir='ltr'>Baumburgh,</span> <span class='ocrx_word' id='word_1_116' title='bbox 882 1787 922 1848; x_wconf 89' lang='lat' dir='ltr'>ut</span> <span class='ocrx_word' id='word_1_117' title='bbox 938 1784 1051 1850; x_wconf 87' lang='lat' dir='ltr'>dotem</span> <span class='ocrx_word' id='word_1_118' title='bbox 1067 1804 1173 1849; x_wconf 89' lang='lat' dir='ltr'>suam.</span> 
     </span>
    </p>

    <p class='ocr_par' dir='ltr' id='par_1_5' title="bbox 147 1869 1297 2043">
     <span class='ocr_line' id='line_1_15' title="bbox 210 1869 1297 1958; baseline -0.002 -23"><span class='ocrx_word' id='word_1_119' title='bbox 210 1871 257 1935; x_wconf 81' lang='lat' dir='ltr'>Et</span> <span class='ocrx_word' id='word_1_120' title='bbox 279 1871 490 1958; x_wconf 76' lang='lat' dir='ltr'>Pingeramus</span> <span class='ocrx_word' id='word_1_121' title='bbox 512 1872 618 1952; x_wconf 90' lang='lat' dir='ltr'>venit,</span> <span class='ocrx_word' id='word_1_122' title='bbox 634 1875 671 1936; x_wconf 91' lang='lat' dir='ltr'>et</span> <span class='ocrx_word' id='word_1_123' title='bbox 692 1871 800 1937; x_wconf 81' lang='lat' dir='ltr'>nichil</span> <span class='ocrx_word' id='word_1_124' title='bbox 816 1871 900 1936; x_wconf 89' lang='lat' dir='ltr'>dioit</span> <span class='ocrx_word' id='word_1_125' title='bbox 922 1891 1025 1954; x_wconf 87' lang='lat' dir='ltr'>quaro</span> <span class='ocrx_word' id='word_1_126' title='bbox 1047 1869 1210 1956; x_wconf 83' lang='lat' dir='ltr'>praediota</span> <span class='ocrx_word' id='word_1_127' title='bbox 1224 1869 1297 1934; x_wconf 77' lang='lat' dir='ltr'>Era</span> 
     </span>
     <span class='ocr_line' id='line_1_16' title="bbox 147 1956 1297 2043; baseline 0 -23"><span class='ocrx_word' id='word_1_128' title='bbox 147 1956 261 2023; x_wconf 89' lang='lat' dir='ltr'>dotem</span> <span class='ocrx_word' id='word_1_129' title='bbox 285 1980 381 2023; x_wconf 90' lang='lat' dir='ltr'>snam</span> <span class='ocrx_word' id='word_1_130' title='bbox 402 1959 526 2026; x_wconf 87' lang='lat' dir='ltr'>habere</span> <span class='ocrx_word' id='word_1_131' title='bbox 550 1981 618 2025; x_wconf 96' lang='lat' dir='ltr'>non</span> <span class='ocrx_word' id='word_1_132' title='bbox 643 1959 776 2025; x_wconf 90' lang='lat' dir='ltr'>debeat.</span> <span class='ocrx_word' id='word_1_133' title='bbox 822 1958 904 2024; x_wconf 92' lang='lat' dir='ltr'>Ideo</span> <span class='ocrx_word' id='word_1_134' title='bbox 927 1961 1104 2043; x_wconf 81' lang='lat' dir='ltr'>recuperet</span> <span class='ocrx_word' id='word_1_135' title='bbox 1128 1957 1297 2042; x_wconf 82' lang='lat' dir='ltr'>seysinam</span> 
     </span>
    </p>
   </div>
   <div class='ocr_carea' id='block_1_5' title="bbox 146 2044 1301 2830">
    <p class='ocr_par' dir='ltr' id='par_1_6' title="bbox 146 2044 1301 2830">
     <span class='ocr_line' id='line_1_17' title="bbox 148 2044 1297 2131; baseline -0.001 -22"><span class='ocrx_word' id='word_1_136' title='bbox 148 2065 254 2125; x_wconf 74' lang='lat' dir='ltr'>snm,</span> <span class='ocrx_word' id='word_1_137' title='bbox 281 2049 317 2111; x_wconf 89' lang='lat' dir='ltr'>et</span> <span class='ocrx_word' id='word_1_138' title='bbox 345 2046 558 2131; x_wconf 79' lang='lat' dir='ltr'>Engeramus</span> <span class='ocrx_word' id='word_1_139' title='bbox 584 2047 621 2110; x_wconf 91' lang='lat' dir='ltr'>in</span> <span class='ocrx_word' id='word_1_140' title='bbox 647 2047 734 2112; x_wconf 91' lang='lat' dir='ltr'>mis&#39;.</span> <span class='ocrx_word' id='word_1_141' title='bbox 791 2046 916 2110; x_wconf 77' lang='lat' dir='ltr'>Postea</span> <span class='ocrx_word' id='word_1_142' title='bbox 939 2046 1033 2110; x_wconf 85' lang='lat' dir='ltr'>venit</span> <span class='ocrx_word' id='word_1_143' title='bbox 1058 2044 1196 2130; x_wconf 88' lang='lat' dir='ltr'>quidam</span> <span class='ocrx_word' id='word_1_144' title='bbox 1222 2045 1297 2109; x_wconf 85' lang='lat' dir='ltr'>Ste-</span> 
     </span>
     <span class='ocr_line' id='line_1_18' title="bbox 148 2131 1297 2219; baseline 0 -25"><span class='ocrx_word' id='word_1_145' title='bbox 148 2132 283 2217; x_wconf 88' lang='lat' dir='ltr'>phanus</span> <span class='ocrx_word' id='word_1_146' title='bbox 298 2133 340 2198; x_wconf 92' lang='lat' dir='ltr'>de</span> <span class='ocrx_word' id='word_1_147' title='bbox 356 2133 378 2197; x_wconf 93' lang='lat' dir='ltr'><strong>J</strong></span> <span class='ocrx_word' id='word_1_148' title='bbox 378 2154 486 2214; x_wconf 87' lang='lat' dir='ltr'>arum,</span> <span class='ocrx_word' id='word_1_149' title='bbox 510 2137 545 2200; x_wconf 86' lang='lat' dir='ltr'>et</span> <span class='ocrx_word' id='word_1_150' title='bbox 564 2135 717 2219; x_wconf 88' lang='lat' dir='ltr'>queritur</span> <span class='ocrx_word' id='word_1_151' title='bbox 732 2132 820 2217; x_wconf 88' lang='lat' dir='ltr'>quod</span> <span class='ocrx_word' id='word_1_152' title='bbox 835 2132 1017 2218; x_wconf 74' lang='lat' dir='ltr'>praediatus</span> <span class='ocrx_word' id='word_1_153' title='bbox 1031 2132 1244 2218; x_wconf 88' lang='lat' dir='ltr'>Ingeramus‚</span> <span class='ocrx_word' id='word_1_154' title='bbox 1260 2131 1297 2194; x_wconf 91' lang='lat' dir='ltr'>in</span> 
     </span>
     <span class='ocr_line' id='line_1_19' title="bbox 147 2219 1298 2307; baseline 0 -23"><span class='ocrx_word' id='word_1_155' title='bbox 147 2219 303 2284; x_wconf 63' lang='lat' dir='ltr'>mandem</span> <span class='ocrx_word' id='word_1_156' title='bbox 326 2224 362 2285; x_wconf 92' lang='lat' dir='ltr'>et</span> <span class='ocrx_word' id='word_1_157' title='bbox 383 2220 617 2307; x_wconf 81' lang='lat' dir='ltr'>deceptionem</span> <span class='ocrx_word' id='word_1_158' title='bbox 639 2220 759 2302; x_wconf 77' lang='lat' dir='ltr'>euriae,</span> <span class='ocrx_word' id='word_1_159' title='bbox 775 2224 852 2301; x_wconf 73' lang='lat' dir='ltr'>eta,</span> <span class='ocrx_word' id='word_1_160' title='bbox 869 2219 1019 2284; x_wconf 86' lang='lat' dir='ltr'>reddidit</span> <span class='ocrx_word' id='word_1_161' title='bbox 1040 2219 1113 2304; x_wconf 90' lang='lat' dir='ltr'>ipse</span> <span class='ocrx_word' id='word_1_162' title='bbox 1128 2219 1298 2304; x_wconf 79' lang='lat' dir='ltr'>praediotae</span> 
     </span>
     <span class='ocr_line' id='line_1_20' title="bbox 146 2306 1298 2392; baseline -0.003 -20"><span class='ocrx_word' id='word_1_163' title='bbox 146 2307 225 2372; x_wconf 78' lang='lat' dir='ltr'>Evae</span> <span class='ocrx_word' id='word_1_164' title='bbox 252 2307 450 2391; x_wconf 85' lang='lat' dir='ltr'>praediotam</span> <span class='ocrx_word' id='word_1_165' title='bbox 480 2309 594 2373; x_wconf 91' lang='lat' dir='ltr'>dotem</span> <span class='ocrx_word' id='word_1_166' title='bbox 631 2329 738 2387; x_wconf 89' lang='lat' dir='ltr'>suam,</span> <span class='ocrx_word' id='word_1_167' title='bbox 770 2329 848 2372; x_wconf 87' lang='lat' dir='ltr'>eum</span> <span class='ocrx_word' id='word_1_168' title='bbox 877 2307 967 2373; x_wconf 93' lang='lat' dir='ltr'>idem</span> <span class='ocrx_word' id='word_1_169' title='bbox 998 2306 1200 2392; x_wconf 87' lang='lat' dir='ltr'>Ingeramus</span> <span class='ocrx_word' id='word_1_170' title='bbox 1227 2326 1298 2370; x_wconf 91' lang='lat' dir='ltr'>non</span> 
     </span>
     <span class='ocr_line' id='line_1_21' title="bbox 148 2393 1298 2481; baseline -0.001 -23"><span class='ocrx_word' id='word_1_171' title='bbox 148 2394 321 2461; x_wconf 86' lang='lat' dir='ltr'>extitisset</span> <span class='ocrx_word' id='word_1_172' title='bbox 344 2395 381 2458; x_wconf 96' lang='lat' dir='ltr'>in</span> <span class='ocrx_word' id='word_1_173' title='bbox 406 2396 541 2480; x_wconf 83' lang='lat' dir='ltr'>seysina</span> <span class='ocrx_word' id='word_1_174' title='bbox 571 2396 612 2461; x_wconf 89' lang='lat' dir='ltr'>de</span> <span class='ocrx_word' id='word_1_175' title='bbox 638 2395 808 2481; x_wconf 85' lang='lat' dir='ltr'>praediotis</span> <span class='ocrx_word' id='word_1_176' title='bbox 835 2393 1051 2474; x_wconf 89' lang='lat' dir='ltr'>tenementis,</span> <span class='ocrx_word' id='word_1_177' title='bbox 1075 2393 1179 2458; x_wconf 93' lang='lat' dir='ltr'>immo</span> <span class='ocrx_word' id='word_1_178' title='bbox 1208 2393 1298 2459; x_wconf 90' lang='lat' dir='ltr'>idem</span> 
     </span>
     <span class='ocr_line' id='line_1_22' title="bbox 149 2480 1298 2570; baseline 0.001 -25"><span class='ocrx_word' id='word_1_179' title='bbox 149 2480 343 2567; x_wconf 78' lang='lat' dir='ltr'>Stephanus</span> <span class='ocrx_word' id='word_1_180' title='bbox 370 2487 423 2549; x_wconf 90' lang='lat' dir='ltr'>est</span> <span class='ocrx_word' id='word_1_181' title='bbox 445 2482 483 2546; x_wconf 92' lang='lat' dir='ltr'>in</span> <span class='ocrx_word' id='word_1_182' title='bbox 508 2483 643 2570; x_wconf 84' lang='lat' dir='ltr'>seysina</span> <span class='ocrx_word' id='word_1_183' title='bbox 666 2483 708 2549; x_wconf 91' lang='lat' dir='ltr'>de</span> <span class='ocrx_word' id='word_1_184' title='bbox 736 2481 872 2562; x_wconf 91' lang='lat' dir='ltr'>eisdem,</span> <span class='ocrx_word' id='word_1_185' title='bbox 899 2484 935 2547; x_wconf 93' lang='lat' dir='ltr'>et</span> <span class='ocrx_word' id='word_1_186' title='bbox 958 2481 1029 2545; x_wconf 83' lang='lat' dir='ltr'>fuit</span> <span class='ocrx_word' id='word_1_187' title='bbox 1052 2481 1106 2546; x_wconf 91' lang='lat' dir='ltr'>die</span> <span class='ocrx_word' id='word_1_188' title='bbox 1132 2501 1199 2566; x_wconf 90' lang='lat' dir='ltr'>quo</span> <span class='ocrx_word' id='word_1_189' title='bbox 1223 2480 1298 2566; x_wconf 90' lang='lat' dir='ltr'>ipsa</span> 
     </span>
     <span class='ocr_line' id='line_1_23' title="bbox 148 2567 1299 2655; baseline 0.003 -23"><span class='ocrx_word' id='word_1_190' title='bbox 148 2568 248 2633; x_wconf 84' lang='lat' dir='ltr'>breve</span> <span class='ocrx_word' id='word_1_191' title='bbox 264 2591 363 2634; x_wconf 86' lang='lat' dir='ltr'>suum</span> <span class='ocrx_word' id='word_1_192' title='bbox 378 2570 573 2655; x_wconf 84' lang='lat' dir='ltr'>impetravit</span> <span class='ocrx_word' id='word_1_193' title='bbox 588 2591 703 2636; x_wconf 84' lang='lat' dir='ltr'>versus</span> <span class='ocrx_word' id='word_1_194' title='bbox 726 2569 927 2654; x_wconf 77' lang='lat' dir='ltr'>praedictum</span> <span class='ocrx_word' id='word_1_195' title='bbox 942 2568 1171 2654; x_wconf 88' lang='lat' dir='ltr'>Ingeramum.</span> <span class='ocrx_word' id='word_1_196' title='bbox 1216 2567 1299 2635; x_wconf 88' lang='lat' dir='ltr'>Ideo</span> 
     </span>
     <span class='ocr_line' id='line_1_24' title="bbox 149 2655 1301 2741; baseline -0.002 -21"><span class='ocrx_word' id='word_1_197' title='bbox 149 2655 301 2740; x_wconf 68' lang='lat' dir='ltr'>pradioti</span> <span class='ocrx_word' id='word_1_198' title='bbox 316 2657 518 2741; x_wconf 87' lang='lat' dir='ltr'>Ingeramus</span> <span class='ocrx_word' id='word_1_199' title='bbox 534 2660 569 2723; x_wconf 85' lang='lat' dir='ltr'>et</span> <span class='ocrx_word' id='word_1_200' title='bbox 589 2658 661 2721; x_wconf 82' lang='lat' dir='ltr'>Eva</span> <span class='ocrx_word' id='word_1_201' title='bbox 683 2656 866 2721; x_wconf 84' lang='lat' dir='ltr'>attachiati</span> <span class='ocrx_word' id='word_1_202' title='bbox 888 2656 978 2739; x_wconf 87' lang='lat' dir='ltr'>quod</span> <span class='ocrx_word' id='word_1_203' title='bbox 1003 2656 1074 2720; x_wconf 92' lang='lat' dir='ltr'>sint</span> <span class='ocrx_word' id='word_1_204' title='bbox 1089 2655 1154 2736; x_wconf 86' lang='lat' dir='ltr'>hic,</span> <span class='ocrx_word' id='word_1_205' title='bbox 1172 2658 1249 2736; x_wconf 73' lang='lat' dir='ltr'>ete,</span> <span class='ocrx_word' id='word_1_206' title='bbox 1264 2657 1301 2722; x_wconf 87' lang='lat' dir='ltr'>et</span> 
     </span>
     <span class='ocr_line' id='line_1_25' title="bbox 150 2741 1245 2830; baseline 0 -22"><span class='ocrx_word' id='word_1_207' title='bbox 150 2743 311 2827; x_wconf 86' lang='lat' dir='ltr'>praedieta</span> <span class='ocrx_word' id='word_1_208' title='bbox 325 2747 416 2809; x_wconf 84' lang='lat' dir='ltr'>terra</span> <span class='ocrx_word' id='word_1_209' title='bbox 431 2744 569 2809; x_wconf 84' lang='lat' dir='ltr'>interim</span> <span class='ocrx_word' id='word_1_210' title='bbox 584 2745 740 2830; x_wconf 84' lang='lat' dir='ltr'>capiatur</span> <span class='ocrx_word' id='word_1_211' title='bbox 753 2743 790 2808; x_wconf 92' lang='lat' dir='ltr'>in</span> <span class='ocrx_word' id='word_1_212' title='bbox 805 2765 943 2808; x_wconf 90' lang='lat' dir='ltr'>manum</span> <span class='ocrx_word' id='word_1_213' title='bbox 960 2742 1087 2807; x_wconf 92' lang='lat' dir='ltr'>domini</span> <span class='ocrx_word' id='word_1_214' title='bbox 1102 2741 1245 2828; x_wconf 54' lang='lat' dir='ltr'>Regina</span> 
     </span>
    </p>
   </div>
   <div class='ocr_carea' id='block_1_6' title="bbox 150 2879 1378 3297">
    <p class='ocr_par' dir='ltr' id='par_1_7' title="bbox 150 2879 1378 3297">
     <span class='ocr_line' id='line_1_26' title="bbox 215 2879 1301 2966; baseline -0.001 -21"><span class='ocrx_word' id='word_1_215' title='bbox 215 2880 335 2961; x_wconf 82' lang='lat' dir='ltr'>Alieia,</span> <span class='ocrx_word' id='word_1_216' title='bbox 352 2902 425 2965; x_wconf 87' lang='lat' dir='ltr'>quae</span> <span class='ocrx_word' id='word_1_217' title='bbox 447 2881 517 2944; x_wconf 81' lang='lat' dir='ltr'>fuit</span> <span class='ocrx_word' id='word_1_218' title='bbox 541 2902 626 2946; x_wconf 83' lang='lat' dir='ltr'>uxor</span> <span class='ocrx_word' id='word_1_219' title='bbox 649 2881 775 2966; x_wconf 85' lang='lat' dir='ltr'>Rogeri</span> <span class='ocrx_word' id='word_1_220' title='bbox 791 2880 936 2945; x_wconf 86' lang='lat' dir='ltr'>Wambe</span> <span class='ocrx_word' id='word_1_221' title='bbox 951 2879 993 2944; x_wconf 93' lang='lat' dir='ltr'>de</span> <span class='ocrx_word' id='word_1_222' title='bbox 1015 2879 1211 2964; x_wconf 79' lang='lat' dir='ltr'>Gorbrigge‚</span> <span class='ocrx_word' id='word_1_223' title='bbox 1227 2901 1301 2963; x_wconf 84' lang='lat' dir='ltr'>quae</span> 
     </span>
     <span class='ocr_line' id='line_1_27' title="bbox 150 2966 1301 3056; baseline -0.001 -25"><span class='ocrx_word' id='word_1_224' title='bbox 150 2967 234 3056; x_wconf 83' lang='lat' dir='ltr'>tulit</span> <span class='ocrx_word' id='word_1_225' title='bbox 247 2968 347 3034; x_wconf 85' lang='lat' dir='ltr'>breve</span> <span class='ocrx_word' id='word_1_226' title='bbox 370 2968 411 3034; x_wconf 92' lang='lat' dir='ltr'>de</span> <span class='ocrx_word' id='word_1_227' title='bbox 434 2969 513 3035; x_wconf 84' lang='lat' dir='ltr'>dote</span> <span class='ocrx_word' id='word_1_228' title='bbox 535 2990 651 3033; x_wconf 84' lang='lat' dir='ltr'>versus</span> <span class='ocrx_word' id='word_1_229' title='bbox 671 2972 852 3052; x_wconf 85' lang='lat' dir='ltr'>Agnetem,</span> <span class='ocrx_word' id='word_1_230' title='bbox 868 2989 943 3051; x_wconf 81' lang='lat' dir='ltr'>quae</span> <span class='ocrx_word' id='word_1_231' title='bbox 964 2967 1033 3030; x_wconf 87' lang='lat' dir='ltr'>fuit</span> <span class='ocrx_word' id='word_1_232' title='bbox 1055 2988 1141 3032; x_wconf 85' lang='lat' dir='ltr'>uxor</span> <span class='ocrx_word' id='word_1_233' title='bbox 1157 2966 1301 3033; x_wconf 82' lang='lat' dir='ltr'>Walteri</span> 
     </span>
     <span class='ocr_line' id='line_1_28' title="bbox 151 3053 1378 3141; baseline 0.001 -22"><span class='ocrx_word' id='word_1_234' title='bbox 151 3055 290 3135; x_wconf 81' lang='lat' dir='ltr'>Turbot,</span> <span class='ocrx_word' id='word_1_235' title='bbox 312 3074 382 3118; x_wconf 90' lang='lat' dir='ltr'>non</span> <span class='ocrx_word' id='word_1_236' title='bbox 402 3059 455 3120; x_wconf 90' lang='lat' dir='ltr'>est</span> <span class='ocrx_word' id='word_1_237' title='bbox 477 3058 666 3140; x_wconf 81' lang='lat' dir='ltr'>prosecuta,</span> <span class='ocrx_word' id='word_1_238' title='bbox 683 3056 760 3122; x_wconf 89' lang='lat' dir='ltr'>ideo</span> <span class='ocrx_word' id='word_1_239' title='bbox 782 3056 794 3118; x_wconf 94' lang='lat' dir='ltr'>i</span> <span class='ocrx_word' id='word_1_240' title='bbox 819 3076 856 3119; x_wconf 86' lang='lat' dir='ltr'>sa</span> <span class='ocrx_word' id='word_1_241' title='bbox 873 3058 909 3121; x_wconf 90' lang='lat' dir='ltr'>et</span> <span class='ocrx_word' id='word_1_242' title='bbox 932 3053 1036 3139; x_wconf 89' lang='lat' dir='ltr'>plegii</span> <span class='ocrx_word' id='word_1_243' title='bbox 1052 3054 1105 3118; x_wconf 87' lang='lat' dir='ltr'>sui</span> <span class='ocrx_word' id='word_1_244' title='bbox 1125 3054 1167 3119; x_wconf 92' lang='lat' dir='ltr'>de</span> <span class='ocrx_word' id='word_1_245' title='bbox 1190 3074 1303 3138; x_wconf 86' lang='lat' dir='ltr'>prose·</span> <span class='ocrx_word' id='word_1_246' title='bbox 1374 3132 1378 3141; x_wconf 26' lang='lat'>⁸</span> 
     </span>
     <span class='ocr_line' id='line_1_29' title="bbox 151 3140 1302 3227; baseline 0.001 -22"><span class='ocrx_word' id='word_1_247' title='bbox 151 3142 284 3227; x_wconf 89' lang='lat' dir='ltr'>quendo</span> <span class='ocrx_word' id='word_1_248' title='bbox 295 3142 333 3206; x_wconf 90' lang='lat' dir='ltr'>in</span> <span class='ocrx_word' id='word_1_249' title='bbox 344 3142 431 3223; x_wconf 90' lang='lat' dir='ltr'>mis’,</span> <span class='ocrx_word' id='word_1_250' title='bbox 444 3143 585 3223; x_wconf 85' lang='lat' dir='ltr'>scilieet,</span> <span class='ocrx_word' id='word_1_251' title='bbox 597 3144 765 3208; x_wconf 83' lang='lat' dir='ltr'>Ricardus</span> <span class='ocrx_word' id='word_1_252' title='bbox 809 3164 870 3207; x_wconf 87' lang='lat' dir='ltr'>aus</span> <span class='ocrx_word' id='word_1_253' title='bbox 882 3143 923 3207; x_wconf 93' lang='lat' dir='ltr'>de</span> <span class='ocrx_word' id='word_1_254' title='bbox 935 3140 1132 3227; x_wconf 85' lang='lat' dir='ltr'>Oorbrigge,</span> <span class='ocrx_word' id='word_1_255' title='bbox 1148 3141 1302 3224; x_wconf 85' lang='lat' dir='ltr'>Rogerus</span> 
     </span>
     <span class='ocr_line' id='line_1_30' title="bbox 152 3229 585 3297; baseline 0.007 -3"><span class='ocrx_word' id='word_1_256' title='bbox 152 3229 242 3294; x_wconf 87' lang='lat' dir='ltr'>lilius</span> <span class='ocrx_word' id='word_1_257' title='bbox 256 3230 385 3295; x_wconf 79' lang='lat' dir='ltr'>Emmae</span> <span class='ocrx_word' id='word_1_258' title='bbox 400 3230 442 3296; x_wconf 88' lang='lat' dir='ltr'>de</span> <span class='ocrx_word' id='word_1_259' title='bbox 457 3231 585 3297; x_wconf 85' lang='lat' dir='ltr'>eodem.</span> 
     </span>
    </p>
   </div>
   <div class='ocr_carea' id='block_1_7' title="bbox 152 3389 1306 3895">
    <p class='ocr_par' dir='ltr' id='par_1_8' title="bbox 152 3389 1306 3895">
     <span class='ocr_line' id='line_1_31' title="bbox 216 3389 1304 3479; baseline 0.001 -24"><span class='ocrx_word' id='word_1_260' title='bbox 216 3392 386 3472; x_wconf 69' lang='lat' dir='ltr'>Ascelina</span> <span class='ocrx_word' id='word_1_261' title='bbox 404 3414 477 3477; x_wconf 83' lang='lat' dir='ltr'>quae</span> <span class='ocrx_word' id='word_1_262' title='bbox 491 3393 561 3458; x_wconf 82' lang='lat' dir='ltr'>fuit</span> <span class='ocrx_word' id='word_1_263' title='bbox 575 3414 661 3458; x_wconf 86' lang='lat' dir='ltr'>uxor</span> <span class='ocrx_word' id='word_1_264' title='bbox 676 3392 768 3479; x_wconf 82' lang='lat' dir='ltr'>Elyae</span> <span class='ocrx_word' id='word_1_265' title='bbox 779 3392 956 3478; x_wconf 83' lang='lat' dir='ltr'>Wytman,</span> <span class='ocrx_word' id='word_1_266' title='bbox 969 3411 1043 3476; x_wconf 83' lang='lat' dir='ltr'>qnae</span> <span class='ocrx_word' id='word_1_267' title='bbox 1054 3390 1137 3455; x_wconf 90' lang='lat' dir='ltr'>tulit</span> <span class='ocrx_word' id='word_1_268' title='bbox 1147 3389 1246 3457; x_wconf 87' lang='lat' dir='ltr'>breve</span> <span class='ocrx_word' id='word_1_269' title='bbox 1261 3391 1304 3456; x_wconf 91' lang='lat' dir='ltr'>de</span> 
     </span>
     <span class='ocr_line' id='line_1_32' title="bbox 152 3477 1303 3546; baseline 0 -3"><span class='ocrx_word' id='word_1_270' title='bbox 152 3478 231 3545; x_wconf 87' lang='lat' dir='ltr'>dote</span> <span class='ocrx_word' id='word_1_271' title='bbox 246 3501 361 3546; x_wconf 87' lang='lat' dir='ltr'>versus</span> <span class='ocrx_word' id='word_1_272' title='bbox 377 3480 528 3545; x_wconf 85' lang='lat' dir='ltr'>Priorem</span> <span class='ocrx_word' id='word_1_273' title='bbox 544 3480 585 3545; x_wconf 93' lang='lat' dir='ltr'>de</span> <span class='ocrx_word' id='word_1_274' title='bbox 601 3480 837 3544; x_wconf 82' lang='lat' dir='ltr'>Brinkeburne</span> <span class='ocrx_word' id='word_1_275' title='bbox 852 3485 887 3544; x_wconf 91' lang='lat' dir='ltr'>et</span> <span class='ocrx_word' id='word_1_276' title='bbox 902 3478 986 3543; x_wconf 87' lang='lat' dir='ltr'>alios</span> <span class='ocrx_word' id='word_1_277' title='bbox 1001 3478 1038 3541; x_wconf 90' lang='lat' dir='ltr'>in</span> <span class='ocrx_word' id='word_1_278' title='bbox 1053 3477 1145 3544; x_wconf 85' lang='lat' dir='ltr'>brevi</span> <span class='ocrx_word' id='word_1_279' title='bbox 1155 3477 1197 3542; x_wconf 91' lang='lat' dir='ltr'>de</span> <span class='ocrx_word' id='word_1_280' title='bbox 1206 3481 1303 3544; x_wconf 80' lang='lat' dir='ltr'>tene·</span> 
     </span>
     <span class='ocr_line' id='line_1_33' title="bbox 153 3563 1305 3653; baseline 0 -23"><span class='ocrx_word' id='word_1_281' title='bbox 153 3568 257 3631; x_wconf 89' lang='lat' dir='ltr'>ment’</span> <span class='ocrx_word' id='word_1_282' title='bbox 273 3567 310 3631; x_wconf 92' lang='lat' dir='ltr'>in</span> <span class='ocrx_word' id='word_1_283' title='bbox 325 3567 435 3631; x_wconf 86' lang='lat' dir='ltr'>Parva</span> <span class='ocrx_word' id='word_1_284' title='bbox 450 3567 607 3648; x_wconf 83' lang='lat' dir='ltr'>Tosham,</span> <span class='ocrx_word' id='word_1_285' title='bbox 618 3588 687 3632; x_wconf 92' lang='lat' dir='ltr'>non</span> <span class='ocrx_word' id='word_1_286' title='bbox 698 3571 751 3633; x_wconf 88' lang='lat' dir='ltr'>est</span> <span class='ocrx_word' id='word_1_287' title='bbox 762 3569 952 3653; x_wconf 86' lang='lat' dir='ltr'>prosecuta,</span> <span class='ocrx_word' id='word_1_288' title='bbox 969 3565 1045 3632; x_wconf 92' lang='lat' dir='ltr'>ideo</span> <span class='ocrx_word' id='word_1_289' title='bbox 1061 3565 1136 3650; x_wconf 86' lang='lat' dir='ltr'>ipsa</span> <span class='ocrx_word' id='word_1_290' title='bbox 1151 3569 1186 3631; x_wconf 94' lang='lat' dir='ltr'>et</span> <span class='ocrx_word' id='word_1_291' title='bbox 1199 3563 1305 3652; x_wconf 89' lang='lat' dir='ltr'>plegii</span> 
     </span>
     <span class='ocr_line' id='line_1_34' title="bbox 153 3651 1304 3740; baseline -0.001 -21"><span class='ocrx_word' id='word_1_292' title='bbox 153 3654 207 3719; x_wconf 89' lang='lat' dir='ltr'>sui</span> <span class='ocrx_word' id='word_1_293' title='bbox 223 3653 264 3718; x_wconf 93' lang='lat' dir='ltr'>de</span> <span class='ocrx_word' id='word_1_294' title='bbox 277 3655 510 3740; x_wconf 89' lang='lat' dir='ltr'>prosequendo</span> <span class='ocrx_word' id='word_1_295' title='bbox 524 3655 562 3718; x_wconf 92' lang='lat' dir='ltr'>in</span> <span class='ocrx_word' id='word_1_296' title='bbox 578 3655 664 3735; x_wconf 90' lang='lat' dir='ltr'>mis&#39;,</span> <span class='ocrx_word' id='word_1_297' title='bbox 681 3654 821 3734; x_wconf 81' lang='lat' dir='ltr'>seilicet,</span> <span class='ocrx_word' id='word_1_298' title='bbox 837 3652 1012 3720; x_wconf 85' lang='lat' dir='ltr'>Walterus</span> <span class='ocrx_word' id='word_1_299' title='bbox 1025 3652 1066 3718; x_wconf 93' lang='lat' dir='ltr'>de</span> <span class='ocrx_word' id='word_1_300' title='bbox 1077 3651 1304 3738; x_wconf 82' lang='lat' dir='ltr'>Edlingeham</span> 
     </span>
     <span class='ocr_line' id='line_1_35' title="bbox 153 3738 1306 3892; baseline 0.001 -86"><span class='ocrx_word' id='word_1_301' title='bbox 153 3744 189 3842; x_wconf 77' lang='lat' dir='ltr'>et</span> <span class='ocrx_word' id='word_1_302' title='bbox 204 3741 378 3892; x_wconf 38' lang='lat' dir='ltr'>¹pplhplnnes·</span> <span class='ocrx_word' id='word_1_303' title='bbox 397 3741 562 3809; x_wconf 83' lang='lat' dir='ltr'>Gonever.</span> <span class='ocrx_word' id='word_1_304' title='bbox 607 3742 732 3808; x_wconf 81' lang='lat' dir='ltr'>Postea</span> <span class='ocrx_word' id='word_1_305' title='bbox 754 3741 848 3808; x_wconf 87' lang='lat' dir='ltr'>venit</span> <span class='ocrx_word' id='word_1_306' title='bbox 869 3740 1031 3827; x_wconf 85' lang='lat' dir='ltr'>praediota</span> <span class='ocrx_word' id='word_1_307' title='bbox 1052 3739 1206 3822; x_wconf 86' lang='lat' dir='ltr'>Aoelina,</span> <span class='ocrx_word' id='word_1_308' title='bbox 1229 3738 1306 3807; x_wconf 86' lang='lat' dir='ltr'>ideo</span> 
     </span>
     <span class='ocr_line' id='line_1_36' title="bbox 154 3829 419 3895; baseline 0.011 -3"><span class='ocrx_word' id='word_1_309' title='bbox 154 3849 210 3894; x_wconf 86' lang='lat' dir='ltr'>mo</span> <span class='ocrx_word' id='word_1_310' title='bbox 298 3829 419 3895; x_wconf 85' lang='lat' dir='ltr'>emrs’.</span> 
     </span>
    </p>
   </div>
   <div class='ocr_carea' id='block_1_8' title="bbox 155 3989 1309 4253">
    <p class='ocr_par' dir='ltr' id='par_1_9' title="bbox 155 3989 1309 4253">
     <span class='ocr_line' id='line_1_37' title="bbox 218 3989 1306 4077; baseline 0.001 -21"><span class='ocrx_word' id='word_1_311' title='bbox 218 3992 339 4058; x_wconf 83' lang='lat' dir='ltr'>Assisa</span> <span class='ocrx_word' id='word_1_312' title='bbox 363 3992 459 4058; x_wconf 87' lang='lat' dir='ltr'>venit</span> <span class='ocrx_word' id='word_1_313' title='bbox 485 3992 705 4077; x_wconf 77' lang='lat' dir='ltr'>recognitum</span> <span class='ocrx_word' id='word_1_314' title='bbox 729 3993 759 4058; x_wconf 94' lang='lat' dir='ltr'>si</span> <span class='ocrx_word' id='word_1_315' title='bbox 782 3993 953 4060; x_wconf 87' lang='lat' dir='ltr'>Robertus</span> <span class='ocrx_word' id='word_1_316' title='bbox 976 3992 1017 4059; x_wconf 91' lang='lat' dir='ltr'>de</span> <span class='ocrx_word' id='word_1_317' title='bbox 1032 3991 1133 4072; x_wconf 75' lang='lat' dir='ltr'>liner,</span> <span class='ocrx_word' id='word_1_318' title='bbox 1148 3989 1306 4072; x_wconf 85' lang='lat' dir='ltr'>isabella,</span> 
     </span>
     <span class='ocr_line' id='line_1_38' title="bbox 155 4077 1308 4166; baseline -0.002 -21"><span class='ocrx_word' id='word_1_319' title='bbox 155 4101 240 4145; x_wconf 87' lang='lat' dir='ltr'>uxor</span> <span class='ocrx_word' id='word_1_320' title='bbox 264 4079 365 4165; x_wconf 66' lang='lat' dir='ltr'>ejus,²</span> <span class='ocrx_word' id='word_1_321' title='bbox 391 4080 566 4146; x_wconf 87' lang='lat' dir='ltr'>Johannes</span> <span class='ocrx_word' id='word_1_322' title='bbox 592 4080 624 4146; x_wconf 92' lang='lat' dir='ltr'>le</span> <span class='ocrx_word' id='word_1_323' title='bbox 648 4081 832 4166; x_wconf 89' lang='lat' dir='ltr'>Messager‚</span> <span class='ocrx_word' id='word_1_324' title='bbox 855 4084 890 4147; x_wconf 88' lang='lat' dir='ltr'>et</span> <span class='ocrx_word' id='word_1_325' title='bbox 903 4079 1078 4146; x_wconf 75' lang='lat' dir='ltr'>walterus</span> <span class='ocrx_word' id='word_1_326' title='bbox 1092 4077 1135 4142; x_wconf 91' lang='lat' dir='ltr'>de</span> <span class='ocrx_word' id='word_1_327' title='bbox 1150 4078 1308 4164; x_wconf 86' lang='lat' dir='ltr'>Wytton&#39;</span> 
     </span>
     <span class='ocr_line' id='line_1_39' title="bbox 155 4165 1309 4253; baseline 0.001 -22"><span class='ocrx_word' id='word_1_328' title='bbox 155 4167 296 4253; x_wconf 85' lang='lat' dir='ltr'>injuste,</span> <span class='ocrx_word' id='word_1_329' title='bbox 327 4170 404 4247; x_wconf 78' lang='lat' dir='ltr'>eto,</span> <span class='ocrx_word' id='word_1_330' title='bbox 436 4166 694 4233; x_wconf 86' lang='lat' dir='ltr'>disseisiverunt</span> <span class='ocrx_word' id='word_1_331' title='bbox 724 4167 932 4232; x_wconf 86' lang='lat' dir='ltr'>Willelmum</span> <span class='ocrx_word' id='word_1_332' title='bbox 960 4165 1070 4231; x_wconf 86' lang='lat' dir='ltr'>filium</span> <span class='ocrx_word' id='word_1_333' title='bbox 1098 4165 1236 4231; x_wconf 80' lang='lat' dir='ltr'>Thomra</span> <span class='ocrx_word' id='word_1_334' title='bbox 1265 4167 1309 4232; x_wconf 88' lang='lat' dir='ltr'>de</span> 
     </span>
    </p>
   </div>
   <div class='ocr_carea' id='block_1_9' title="bbox 158 4345 1310 4548">
    <p class='ocr_par' dir='ltr' id='par_1_10' title="bbox 158 4345 1310 4548">
     <span class='ocr_line' id='line_1_40' title="bbox 189 4345 1310 4425; baseline 0 -26"><span class='ocrx_word' id='word_1_335' title='bbox 189 4346 263 4399; x_wconf 75' lang='grc' dir='ltr'>ιΒοο</span> <span class='ocrx_word' id='word_1_336' title='bbox 292 4347 334 4413; x_wconf 82' lang='lat' dir='ltr'>Ap</span> <span class='ocrx_word' id='word_1_337' title='bbox 352 4345 440 4408; x_wconf 85' lang='lat' dir='ltr'>endix,</span> <span class='ocrx_word' id='word_1_338' title='bbox 470 4347 531 4398; x_wconf 69' lang='lat' dir='ltr'>Fiet</span> <span class='ocrx_word' id='word_1_339' title='bbox 565 4349 598 4415; x_wconf 71' lang='lat' dir='ltr'>qs</span> <span class='ocrx_word' id='word_1_340' title='bbox 621 4347 707 4411; x_wconf 78' lang='lat' dir='ltr'>Fim,</span> <span class='ocrx_word' id='word_1_341' title='bbox 758 4348 814 4399; x_wconf 82' lang='lat' dir='ltr'>first</span> <span class='ocrx_word' id='word_1_342' title='bbox 835 4347 946 4399; x_wconf 81' lang='lat' dir='ltr'>married</span> <span class='ocrx_word' id='word_1_343' title='bbox 967 4346 1067 4399; x_wconf 83' lang='lat' dir='ltr'>Robort</span> <span class='ocrx_word' id='word_1_344' title='bbox 1093 4345 1125 4398; x_wconf 84' lang='lat' dir='ltr'>do</span> <span class='ocrx_word' id='word_1_345' title='bbox 1152 4345 1231 4425; x_wconf 72' lang='lat' dir='ltr'>liprs,</span> <span class='ocrx_word' id='word_1_346' title='bbox 1258 4346 1310 4400; x_wconf 86' lang='lat' dir='ltr'>md</span> 
     </span>
     <span class='ocr_line' id='line_1_41' title="bbox 158 4412 1229 4548; baseline 0 -82"><span class='ocrx_word' id='word_1_347' title='bbox 158 4415 334 4545; x_wconf 51' lang='lat' dir='ltr'>tigrem,</span> <span class='ocrx_word' id='word_1_348' title='bbox 346 4413 709 4548; x_wconf 48' lang='lat' dir='ltr'>ffifffiglgprldteiffihy’</span> <span class='ocrx_word' id='word_1_349' title='bbox 758 4413 907 4467; x_wconf 77' lang='lat' dir='ltr'>attorwnrds</span> <span class='ocrx_word' id='word_1_350' title='bbox 917 4414 1016 4467; x_wconf 81' lang='lat' dir='ltr'>Robsrt</span> <span class='ocrx_word' id='word_1_351' title='bbox 1026 4414 1058 4467; x_wconf 84' lang='lat' dir='ltr'>ds</span> <span class='ocrx_word' id='word_1_352' title='bbox 1068 4412 1229 4467; x_wconf 78' lang='lat' dir='ltr'>Somsmllo.</span> 
     </span>
    </p>
   </div>
   <div class='ocr_carea' id='block_1_10' title="bbox 0 0 1503 4988">
    <p class='ocr_par' dir='ltr' id='par_1_11' title="bbox 0 0 1503 4988">
     <span class='ocr_line' id='line_1_42' title="bbox 0 0 1503 4988; baseline 0 0"><span class='ocrx_word' id='word_1_353' title='bbox 0 0 1503 4988; x_wconf 95' lang='lat' dir='ltr'> </span> 
     </span>
    </p>
   </div>
  </div>
 </body>
</html>
