2956 4988
297 475 408 519 sssms
431 474 528 533 nont,
552 472 888 528 senesannannsnn,
914 456 932 517 7
955 472 1042 518 now.
1067 473 1090 516 1.
1210 448 1269 512 261

126 607 219 672 brevi
233 627 304 672 suo.
350 608 396 672 llt
410 606 564 692 predicti
579 606 749 672 Robertus
772 609 808 671 et
829 606 1022 672 Willelmus
1045 625 1115 670 non
1129 604 1274 690 possunt

126 694 191 759 hoc
200 694 363 760 dedicere.
388 695 471 760 Ideo
480 694 730 760 consideratum
742 697 795 759 est
807 694 896 777 quod
906 693 1058 778 praedicti
1067 690 1272 767 Willelmus,

126 781 248 863 Alicia,
278 782 456 862 Robertus,
488 787 522 848 et
552 781 691 847 Beatrix
721 781 799 848 inde
828 781 901 846 sine
932 781 997 846 die.
1043 781 1090 844 Et
1118 776 1272 865 praedicti

126 868 294 933 Robertus
310 872 345 934 et
359 868 551 933 Willelmus
564 870 604 935 de
616 868 828 954 Egelynham
843 867 930 931 nihil
946 868 1083 953 capiant
1097 888 1158 951 per
1172 866 1271 930 breve

125 954 229 1036 istud,
245 960 298 1021 set
313 956 383 1020 sint
398 956 435 1019 in
450 955 525 1021 mis'
541 977 602 1040 pro
621 955 709 1020 falso
731 955 887 1022 clamore.
929 956 975 1019 Et
989 955 1189 1040 perquirant
1204 951 1270 1017 sibi

125 1064 185 1128 per
199 1043 292 1107 aliud
307 1044 416 1124 breve,
432 1043 462 1108 si
477 1043 656 1108 voluerint.

190 1214 308 1279 Assisa
322 1215 416 1279 venit
431 1213 648 1299 recognitum
672 1215 701 1279 si
727 1214 919 1280 Alexander
938 1215 980 1279 de
1000 1214 1154 1293 Hetton’,
1174 1219 1273 1298 pater

126 1301 220 1366 Petri
235 1301 297 1364 filii
312 1301 496 1365 Alexandri
511 1303 552 1365 de
567 1302 722 1382 Hetton',
733 1301 803 1366 fuit
818 1302 964 1387 seysitus
974 1301 1012 1365 in
1027 1301 1196 1367 dominico
1211 1320 1272 1366 suo

124 1392 165 1453 ut
180 1389 222 1452 de
237 1388 337 1452 feodo
352 1389 393 1454 de
408 1410 476 1453 uno
500 1389 591 1453 tofto
606 1392 641 1453 et
656 1390 771 1456 decem
795 1392 831 1453 et
846 1409 966 1454 novem
981 1388 1067 1454 acris
1082 1392 1180 1455 terrae
1195 1409 1272 1454 cum

125 1475 343 1561 pertinentiis
366 1475 403 1539 in
425 1475 622 1556 Houburne,
647 1477 701 1543 die
723 1498 801 1560 quo,
828 1480 893 1542 etc.
938 1477 984 1540 Et
1014 1477 1054 1557 si,
1080 1480 1144 1543 etc.
1189 1475 1272 1556 Qum

126 1562 304 1648 Philippus
329 1563 370 1626 de
394 1562 573 1627 Houburn'
597 1567 705 1644 tenet,
729 1564 787 1647 qui
811 1564 906 1629 venit
932 1568 967 1629 et
989 1563 1074 1627 dicit
1097 1563 1188 1648 quod
1202 1582 1272 1628 non

125 1650 225 1716 debet
240 1650 272 1714 ei
287 1650 331 1714 ad
346 1650 410 1714 hoc
429 1650 528 1715 breve
552 1651 762 1735 respondere,
784 1650 864 1735 quia
888 1650 972 1716 dicit
995 1651 1083 1734 quod
1106 1649 1179 1736 ipse
1203 1669 1273 1714 non

124 1740 221 1804 tenet
235 1737 395 1821 praedicta
409 1741 606 1803 tenementa
620 1758 735 1803 versus
750 1759 828 1802 eum
842 1738 962 1823 petita,
979 1738 1061 1803 dicit
1076 1739 1167 1804 enim
1182 1736 1270 1822 quod

124 1825 262 1908 quidam
277 1824 423 1888 Thomas
439 1824 528 1888 filius
545 1824 696 1909 Philippi
716 1828 812 1890 tenet
835 1824 997 1909 predicta
1017 1827 1213 1890 tenementa
1236 1826 1272 1888 et

123 1911 238 1976 tenuit
253 1932 293 1976 ea
308 1912 362 1975 die
378 1911 628 1994 impetrationis
653 1911 762 1976 brevis
789 1911 898 1992 istius,
919 1911 1058 1990 scilicet,
1080 1915 1198 1977 octavo
1215 1911 1270 1975 die

123 1997 280 2063 Januarii
305 1999 369 2062 hoc
393 2019 492 2062 anno.
539 1999 585 2062 lit
611 1999 689 2083 quia
714 2000 778 2064 hoc
799 1999 888 2063 idem
914 1999 1106 2064 convictum
1130 2002 1183 2063 est
1212 2018 1272 2084 per

124 2086 265 2150 assisam
288 2085 401 2165 istam,
426 2085 676 2150 consideratum
702 2086 865 2171 estquod
892 2086 1072 2170 praedictus
1092 2085 1271 2169 Philippus

125 2173 205 2237 inde
220 2173 293 2238 sine
309 2172 374 2250 die,
389 2177 425 2237 et
440 2171 563 2237 Petrus
585 2172 672 2236 nihil
688 2173 801 2257 capiat
823 2194 883 2258 per
905 2173 1003 2238 breve
1025 2173 1129 2252 istud,
1153 2177 1205 2238 set
1223 2171 1270 2237 sit

127 2259 165 2322 in
181 2259 255 2324 mis'
269 2281 331 2345 pro
347 2260 436 2325 falso
452 2258 608 2340 clamore,
626 2263 691 2325 etc.

193 2449 311 2513 Assisa
349 2449 442 2512 venit
476 2450 692 2535 recognitura
729 2450 758 2514 si
789 2450 893 2536 Hugo
934 2450 975 2515 de
1017 2450 1272 2536 Floteweyton’,

128 2535 314 2601 Nieholaus
330 2536 460 2616 cellah,
476 2536 667 2602 Willelmus
682 2537 868 2622 Bulstyrik,
882 2541 916 2602 et
931 2538 1036 2622 Hugo
1052 2538 1151 2602 Bulst
1173 2538 1215 2602 rh
1230 2539 1273 2602 de

128 2623 255 2708 Leyum
279 2622 420 2707 injuste,
446 2628 521 2703 eta,
548 2624 805 2690 dissaisirerunt
826 2625 1011 2689 Robertum
1030 2624 1060 2689 le
1076 2625 1152 2689 Bot'
1181 2627 1276 2690 eret

128 2713 306 2795 Agnetem,
322 2731 461 2775 uxorem
476 2713 560 2795 ejus,
585 2711 626 2777 de
650 2711 756 2776 libero
777 2714 972 2776 tenemento
997 2733 1058 2776 suo
1075 2711 1113 2775 in
1134 2713 1275 2796 Leyum,

127 2800 205 2881 post
214 2797 368 2880 primam,
385 2801 449 2862 etc.
488 2798 534 2861 Et
547 2798 636 2862 unde
652 2801 840 2881 queruntur
851 2798 940 2882 quod
949 2798 1204 2865 disseisiverunt
1219 2820 1275 2865 eos

128 2884 169 2948 de
185 2884 368 2949 medietate
382 2884 484 2948 unius
499 2884 683 2949 molendini
708 2885 858 2969 aquatici
874 2907 951 2950 cum
965 2884 1193 2970 pertinentiis,
1209 2889 1272 2952 etc.

127 2971 174 3035 Et
183 2971 362 3055 praedictus
371 2972 475 3056 Hugo
485 2971 526 3035 de
538 2971 779 3055 Floteweyton’
790 2973 884 3037 venit
894 2975 929 3036 et
938 2973 1113 3057 respondit
1121 2994 1183 3057 pro
1194 2994 1230 3039 se
1239 2975 1275 3039 et

128 3059 284 3123 omnibus
295 3058 383 3137 aliis,
394 3063 555 3142 tanquam
565 3059 773 3124 tenentibus.
804 3059 929 3124 Postea
939 3060 1092 3144 praedicti
1104 3061 1274 3127 Robertus

128 3150 164 3209 et
174 3144 289 3245 Agnes
298 3149 514 3211 retraxerunt
524 3166 570 3210 se.
601 3145 683 3210 ideo
693 3144 759 3230 ipsi
768 3151 803 3212 et
812 3146 917 3231 plegii
927 3147 982 3211 sui
990 3146 1031 3214 de
1041 3147 1274 3231 prosequendo

128 3232 165 3295 in
180 3233 265 3313 m1s’,
282 3237 346 3297 etc.
393 3232 632 3298 Pardonantur
646 3252 707 3317 per
719 3233 759 3297 R'
775 3233 940 3319 Loveday.
979 3234 1103 3299 Postea
1118 3235 1275 3299 convenit

127 3319 218 3383 inter
256 3340 312 3384 eos
349 3320 438 3403 quod
468 3319 650 3404 praedictus
689 3319 792 3405 Hugo
829 3320 1041 3405 recognoscit
1077 3321 1275 3406 praediotam

128 3406 344 3471 medietatem
365 3427 437 3471 esse
460 3407 516 3491 jus
543 3407 693 3493 ipsorum
713 3407 855 3473 Roberti
880 3412 915 3473 et
932 3407 1092 3492 Agnetis,
1118 3412 1153 3473 et
1179 3408 1274 3473 illam

127 3493 285 3573 reddidit,
302 3494 434 3558 remisit
449 3498 484 3559 et
503 3494 815 3577 quietumclamavit
830 3495 871 3559 de
892 3515 928 3560 se
944 3499 980 3560 et
995 3495 1174 3562 heredibus
1190 3495 1272 3575 suis,

127 3579 295 3665 praedictis
325 3581 475 3646 Roberto
500 3585 536 3647 et
560 3581 690 3666 Agneti
719 3584 754 3647 et
779 3582 960 3648 heredibus
991 3581 1097 3668 ipsius
1127 3584 1157 3646 A
1182 3583 1273 3647 netis

129 3668 377 3753 inperpetuum.
422 3669 468 3732 Et
482 3690 544 3754 pro
559 3669 633 3748 hac,
649 3673 724 3748 etc,
746 3669 899 3753 praedicti
922 3668 1091 3735 Robertus
1107 3673 1143 3735 et
1213 3690 1273 3737 nes

128 3755 212 3819 dant
227 3755 387 3840 plaedioto
402 3754 544 3841 Hugoni
560 3777 665 3819 unum
680 3756 886 3841 sparvarium
904 3777 1028 3837 sorum,
1044 3760 1109 3823 etc.

195 3926 373 4011 Philippus
404 3927 445 3993 de
475 3926 658 3993 Craweden
688 3927 749 3992 dat
772 3927 949 3992 dimidiam
972 3929 1027 4007 m',
1052 3948 1113 4013 pro
1138 3927 1277 3996 licentia

130 4014 354 4078 concordandi
377 4036 452 4079 cum
472 4014 680 4100 Margareta‚
698 4014 768 4079 filia
786 4037 858 4096 sua,
877 4016 919 4080 de
937 4015 1064 4100 placito
1086 4015 1276 4082 warrantiae

130 4107 240 4166 cartae.
288 4102 332 4165 Elt
347 4101 496 4167 habeant
511 4101 770 4188 cyrographum,
786 4107 850 4169 etc.

194 4273 290 4338 Idem
305 4274 484 4360 Philippus
499 4274 560 4338 dat
575 4272 750 4338 dimidiam
766 4274 809 4338 m’
821 4294 882 4358 pro
898 4272 1038 4338 licentia
1053 4272 1279 4338 concordandi

129 4382 206 4426 cum
223 4359 367 4426 Ricardo
381 4361 450 4425 filio
462 4360 613 4447 Philippi
625 4361 666 4428 de
676 4360 882 4441 Oraweden’,
894 4360 937 4424 de
945 4359 1072 4445 placito
1088 4361 1278 4427 narrantia

129 4453 239 4513 cartae.
285 4449 331 4512 Et
346 4449 497 4514 habeant
512 4448 771 4535 cyrographum,
787 4450 852 4513 etc.
