2956 4988
298 468 415 522 sssrzs
437 478 537 537 nonu,
562 478 901 536 roarnuussnnsna
926 458 967 522 53
990 477 1072 522 aar.
1095 478 1150 524 111.
1234 459 1296 522 195

141 628 284 697 licentia
293 631 520 697 concordandi
536 630 1063 698 cumWillelmodeClivelaunde
1073 632 1290 712 etKaterina

142 738 248 784 uxore
263 721 347 805 ejus,
363 721 405 785 de
419 720 546 806 placito
560 723 669 785 terra.
713 720 760 783 Et
776 720 926 783 habeant
940 719 1187 806 cirographum.

208 857 329 923 Assisa
337 858 431 925 venit
439 857 658 944 recognitum
668 857 696 922 si
709 858 878 922 Rcbertus
890 857 1001 937 Hode,
1011 861 1108 942 pater
1119 857 1293 940 Asselinae,

145 944 262 1010 uxoris
281 945 454 1030 Radulphi
470 946 530 1010 lilii
552 945 738 1025 Lamberti,
754 945 824 1008 fuit
840 944 976 1009 saisitus
995 946 1032 1008 in
1048 945 1217 1010 dominico
1233 966 1293 1011 suo

141 1035 183 1095 ut
196 1032 239 1096 de
261 1031 363 1099 feodo
378 1033 420 1098 de
442 1033 625 1099 medietate
640 1032 741 1097 unius
756 1032 845 1096 rodae
867 1035 964 1098 terrae
979 1053 1056 1096 cum
1078 1031 1294 1116 pertinentiis

142 1118 180 1181 in
202 1119 396 1203 Morpathe,
412 1120 467 1184 die
485 1140 561 1204 quc,
578 1124 643 1184 etc.
688 1120 744 1183 Elt.
764 1118 804 1197 si,
820 1125 883 1183 etc.
928 1118 1039 1199 Quam
1054 1121 1181 1184 terram
1192 1119 1293 1182 Will-

142 1205 250 1272 elmus
282 1206 416 1271 Lechur
438 1207 479 1271 de
506 1206 687 1291 Morpathe
713 1209 818 1285 tenet,
835 1205 893 1289 qui
912 1205 1007 1269 venit
1033 1210 1068 1270 et
1094 1206 1178 1270 dicit
1205 1206 1294 1289 quod

142 1293 305 1378 praedicta
333 1294 485 1360 Asellina
515 1294 598 1359 alias
629 1292 854 1377 implacitavit
881 1293 1059 1376 quemdam
1088 1293 1293 1373 Johannem,

143 1379 288 1446 fratrem
308 1382 462 1467 praedicti
477 1381 649 1460 willelmi,
667 1382 761 1464 cujus
784 1380 880 1444 heres
902 1380 975 1464 ipse
990 1382 1052 1459 est,
1070 1380 1111 1445 de
1133 1380 1296 1464 praedicta

142 1471 235 1532 terra
259 1467 410 1533 incuria
435 1469 477 1532 de
504 1468 685 1552 Morpathe
714 1488 774 1551 per
803 1467 901 1531 breve
928 1467 971 1531 de
1000 1470 1115 1546 rect03
1146 1472 1180 1531 et
1205 1468 1296 1551 quod

143 1555 262 1619 eadem
277 1555 429 1621 Asellina
449 1555 485 1619 in
504 1556 622 1621 eadem
644 1554 738 1619 curia
760 1553 890 1618 remisit
905 1557 940 1618 et
962 1554 1116 1637 quietum
1138 1554 1296 1619 clamavit

144 1642 254 1706 eidem
278 1641 450 1706 Willelmo
474 1646 509 1707 et
540 1642 719 1707 heredibus
747 1641 828 1718 suis,
852 1644 963 1705 totum
987 1642 1043 1725 jus
1070 1645 1106 1705 et
1136 1640 1296 1707 clamium

142 1731 233 1813 quod
251 1729 374 1793 habuit
390 1729 425 1792 in
447 1730 609 1814 praedicta
623 1733 724 1795 terra.
771 1729 895 1792 Postea
911 1729 1105 1792 concordati
1129 1733 1211 1792 sunt
1235 1749 1295 1814 per

144 1816 337 1895 licentiam3
370 1821 404 1881 et
420 1823 473 1880 est
496 1816 675 1882 concordia
689 1815 769 1880 talis
795 1815 883 1899 quod
907 1815 1087 1899 praedictus
1103 1815 1295 1882 Willelmus

142 1903 355 1988 recognoscit
369 1904 565 1987 praedictam
576 1907 702 1968 terram
714 1924 790 1967 cum
805 1902 1022 1986 pertinentiis
1034 1923 1107 1968 esse
1119 1903 1176 1987 jus
1186 1902 1294 1987 ipsius

142 1990 305 2070 Auillium,
330 2005 366 2055 et
390 1991 483 2054 illam
502 1991 534 2055 ei
555 1990 711 2055 reddidit.
757 1990 839 2054 Ideo
860 1989 985 2054 habeat
1002 1989 1165 2055 saisinam
1188 2011 1294 2054 suam.

142 2078 189 2142 at
204 2099 265 2162 pro
281 2079 355 2157 hac,
366 2080 441 2158 etc,
457 2078 611 2162 praedicti
623 2077 823 2160 Radulphus
836 2082 871 2140 et
883 2076 1036 2141 Asellina
1047 2077 1131 2140 dant
1147 2078 1177 2141 ei
1189 2098 1293 2141 unam

142 2186 301 2243 marcam,
331 2166 419 2229 unde
450 2166 592 2230 reddent
629 2164 661 2230 ei
692 2164 908 2228 medietatem
938 2164 981 2227 ad
1014 2163 1141 2228 festum
1175 2164 1293 2229 Sancti

143 2252 321 2317 Michaelis
343 2252 495 2336 proximo
519 2273 672 2336 sequens.
718 2253 764 2314 Et
785 2250 852 2314 nisi
874 2251 1031 2331 fecerint,
1055 2255 1294 2316 concesserunt

141 2340 231 2424 quod
247 2339 431 2406 vicecomes
446 2339 553 2405 faciat
569 2340 611 2404 de
626 2339 726 2404 terris
742 2343 778 2402 et
793 2338 936 2418 catallis,
953 2342 1018 2404 etc.

208 2478 419 2564 Praeceptum
441 2477 511 2542 fuit
526 2477 716 2543 vicecomiti
733 2477 833 2561 quod,
849 2476 1035 2561 assumptis
1054 2497 1167 2542 secum
1182 2478 1294 2542 custo·

143 2566 242 2631 dibus
265 2566 467 2650 placitorum
486 2564 634 2645 Corona,
651 2570 727 2644 etc,
744 2565 781 2627 in
804 2564 905 2648 pleno
921 2563 1087 2628 comitatu
1102 2585 1162 2629 suo
1184 2584 1294 2629 recor-

143 2653 217 2719 dari
232 2654 362 2718 faceret
377 2653 557 2737 loquelam,
569 2673 641 2736 quae
655 2652 725 2716 fuit
741 2651 777 2715 in
794 2652 911 2717 eodem
927 2651 1103 2733 comitatu,
1119 2673 1179 2736 per
1193 2650 1293 2717 breve

144 2740 274 2806 domini
296 2741 401 2825 Regis
432 2740 523 2803 inter
544 2739 731 2804 Henricum
758 2739 799 2803 de
819 2738 1026 2823 Beringdon’
1042 2741 1076 2803 et
1100 2738 1294 2803 Galfridum

143 2828 184 2892 de
207 2827 410 2906 Bollesdon’,
427 2848 524 2911 quem
549 2826 718 2890 clamabat
732 2831 773 2889 ut
796 2825 950 2889 nativum
966 2847 1074 2905 suum,
1091 2827 1180 2891 unde
1202 2825 1293 2891 idem

144 2913 321 2980 Galfridus
347 2914 498 2998 queritur
526 2912 651 2977 falsum
682 2912 746 2976 sibi
772 2913 904 2977 factum
930 2912 1036 2979 fuisse
1063 2913 1228 2998 judicium
1255 2912 1292 2976 in

85 3009 88 3014 ’
143 3002 262 3067 eodem
283 3001 459 3066 comitatu.
503 3001 550 3064 Et
575 3000 752 3065 recordum
772 2999 857 3063 illud
881 3000 1021 3065 haberet
1045 3021 1158 3065 coram
1183 2999 1291 3064 Justi-

141 3089 255 3152 ciariis
292 3087 348 3152 hic
379 3089 442 3152 sub
471 3087 584 3172 sigillo
615 3109 686 3166 suo,
717 3090 795 3167 etc,
826 3091 862 3150 et
894 3108 955 3170 per
983 3089 1130 3171 quatuor
1165 3086 1292 3172 legales

142 3175 309 3254 homines,
341 3174 398 3258 qui
435 3175 572 3240 recordo
609 3174 659 3237 illi
690 3173 933 3238 interfuerunt.
994 3175 1038 3239 Et
1074 3175 1165 3259 quod
1202 3196 1292 3238 sum-

141 3263 287 3328 moniret
309 3262 507 3347 praedictum
539 3261 727 3327 Henricum
766 3260 856 3345 quod
893 3265 982 3326 esset
1018 3261 1074 3327 hic
1112 3262 1292 3327 auditurus

141 3350 317 3415 recordum
343 3349 439 3429 illud,
471 3349 500 3414 si
525 3348 680 3413 voluerit.
740 3349 785 3413 Et
814 3348 997 3413 vicecomes
1027 3348 1128 3414 modo
1157 3348 1290 3434 profert

142 3437 318 3502 recordum
333 3437 423 3520 quod
437 3437 507 3502 tale
522 3442 575 3500 est
596 3436 715 3520 [quod]
736 3436 906 3502 Henricus
929 3435 970 3501 de
993 3436 1184 3522 Beryndon'
1207 3435 1290 3501 tulit

141 3525 241 3590 breve
258 3525 300 3590 de
320 3523 487 3590 naivitate
502 3544 616 3588 versus
640 3522 832 3588 Galfridum
856 3522 897 3586 de
915 3522 1112 3588 Berindon'¹
1132 3527 1167 3588 et
1189 3522 1291 3608 petiit

141 3613 252 3698 ipsum
276 3615 315 3676 ut
337 3611 491 3675 nativum
516 3614 551 3676 et
577 3610 762 3695 fugitivum
790 3631 899 3688 snum,
928 3611 986 3693 qui
1011 3611 1105 3696 fugit
1129 3611 1170 3676 de
1200 3616 1292 3675 terra

142 3721 204 3764 sua
225 3702 303 3783 post
317 3699 475 3763 ultimum
499 3697 679 3776 redditum,
697 3700 760 3762 etc.
806 3697 851 3761 Et
870 3698 1021 3762 narravit
1043 3700 1132 3782 quod
1154 3698 1292 3783 quidam

144 3786 325 3868 Henricus,
337 3789 435 3871 pater
450 3784 604 3870 praedicti
617 3784 768 3864 Henrici,
780 3783 850 3848 fuit
862 3784 999 3849 seisitus
1010 3785 1051 3850 de
1063 3806 1124 3852 avo
1139 3784 1292 3870 pradicti

143 3872 299 3952 Gallridi,
317 3880 357 3937 ut
379 3874 421 3938 de
435 3872 562 3936 villano
583 3892 654 3951 suc,
670 3871 834 3956 capiendo
854 3871 1002 3957 expletia
1021 3876 1061 3935 ut
1081 3873 1117 3936 in
1138 3871 1289 3957 tallagio

140 3961 323 4040 merchem,
339 3963 374 4026 et
390 3959 467 4023 aliis
483 3958 617 4022 villanis
633 3957 933 4023 consuetudinibus
949 3959 992 4023 ad
1005 3958 1198 4040 valentiam,
1212 3963 1290 4037 etc,

142 4051 293 4131 tempore
319 4047 488 4112 Johannis
515 4045 632 4131 Regis,
655 4045 764 4131 patris
788 4045 917 4110 domini
940 4046 1046 4132 Regis
1070 4068 1173 4127 nunc,
1189 4049 1225 4112 et
1249 4045 1291 4110 de

142 4134 216 4218 ipso
238 4134 387 4200 Henrico
410 4132 587 4198 descendit
610 4132 746 4218 jusisti
770 4133 930 4212 HenricO,
949 4138 989 4197 ut
1012 4133 1083 4198 fflio
1106 4138 1141 4199 et
1162 4131 1290 4211 heredi,

141 4227 176 4285 et
199 4221 360 4304 produxit
382 4220 562 4304 quemdam
584 4219 692 4282 filium
719 4219 874 4285 avunculi
898 4221 1052 4303 praedicti
1074 4220 1232 4299 Galfridi‚
1256 4222 1292 4284 et

141 4307 285 4374 alterum
300 4308 409 4372 filium
421 4307 535 4373 amita
549 4304 703 4393 praedicti
718 4305 876 4387 Galfridi,
889 4307 945 4390 qui
960 4310 1141 4393 praesentes
1150 4307 1292 4372 fuerunt

595 4477 668 4537 ¹1br
684 4479 839 4536 Bollesdon'.
1141 4550 1160 4617 2

1096 4569 1117 4616 0
