2956 4988
249 465 363 511 sssnn
385 465 482 528 nom,
506 465 844 525 rossemannum,
868 447 910 512 53
933 466 1017 514 ιιιιιι.
1039 468 1096 514 ιιι.
1194 445 1257 511 151

175 618 366 721 Willelmus
389 619 532 706 Duglasl
557 621 783 723 summonitus
813 620 884 686 fuit
912 621 957 686 ad
985 620 1258 724 respondendum

102 704 288 791 Gylemmo
310 706 351 774 de
373 707 568 774 Wollouere
590 707 632 775 de
653 708 778 793 plauto
799 709 888 794 quod
909 712 1000 774 esset
1020 708 1077 774 hro
1099 709 1144 774 ad
1166 709 1258 775 huno

112 792 200 859 diem
222 795 399 860 ostendere
421 817 525 880 quare
546 796 702 861 redderet
716 796 860 881 praefato
875 795 1054 882 Gylemino
1069 797 1215 881 triginta
1228 795 1254 859 ι’

111 881 262 947 redditus
292 904 369 948 eum
398 882 614 967 pertinentiis
650 883 687 947 in
724 884 912 964 Faundon',
950 905 1033 968 quas
1064 883 1258 948 Willelmus

111 967 252 1055 Batayle
278 971 310 1034 ei
336 969 467 1034 dimisit
493 971 537 1034 ad
574 971 758 1035 terminum
797 971 855 1055 qui
891 971 1040 1035 nondum
1081 971 1257 1056 praeteriit,

111 1053 203 1120 infra
237 1078 335 1141 quem
369 1056 553 1123 terminum
590 1057 680 1122 idem
717 1057 910 1122 Willelmus
941 1057 1083 1143 Batayle
1113 1058 1257 1143 praeiato

111 1142 280 1208 Willelmo
295 1145 336 1211 de
350 1144 481 1229 Dugles
496 1143 667 1210 redditum
682 1145 779 1209 illum
791 1145 954 1225 vendidit,
970 1145 1146 1210 occasione
1161 1145 1257 1230 cujus

110 1224 314 1295 venditionis
344 1233 508 1316 praefatus
540 1231 732 1296 Willelmus
759 1235 800 1297 de
826 1231 957 1318 Duglas
983 1233 1130 1297 eundem
1156 1231 1257 1318 Gyle-

111 1316 240 1381 minum
262 1318 304 1385 de
321 1318 458 1383 redditu
476 1317 536 1383 illo
554 1319 664 1403 ejecit.
709 1320 754 1384 Et
774 1320 863 1384 unde
887 1319 1040 1403 queritur
1063 1320 1154 1404 quod
1179 1340 1257 1384 oum

109 1405 289 1488 pmdictus
305 1404 498 1472 Willelmus
514 1405 668 1492 Bataylle
684 1406 870 1472 dimisisset
884 1407 915 1472 ei
930 1407 1130 1491 pradictum
1144 1406 1256 1472 reddi-

110 1496 184 1556 tum
214 1494 258 1557 ad
289 1493 419 1558 festum
449 1493 700 1559 Purifioationis
733 1496 845 1559 Beata
871 1493 988 1559 Maria
1012 1515 1102 1559 auno
1128 1493 1258 1559 domini

110 1579 213 1665 Regis
227 1601 319 1645 nuno
335 1581 591 1665 quadragesimo
605 1585 724 1647 octavo
736 1582 780 1645 ad
795 1581 979 1648 terminum
1000 1601 1059 1646 sex
1079 1603 1256 1662 annorum,

109 1664 198 1731 idem
232 1667 425 1734 Willelmus
455 1668 609 1754 Baytalle
640 1668 684 1733 ad
716 1669 844 1733 festum
876 1668 1089 1734 Inventionis
1124 1668 1258 1734 Sanctae

109 1752 226 1820 (trucis
249 1755 440 1839 proximum
464 1776 606 1840 sequens
634 1756 789 1820 vendidit
819 1756 980 1840 praedieto
1012 1755 1182 1823 Willelmo
1215 1757 1257 1821 de

108 1840 240 1926 Duglas
250 1843 448 1927 pmdietum
458 1843 639 1923 redditum,
659 1843 833 1909 occasione
843 1844 938 1927 cujus
954 1843 1158 1908 venditionis
1172 1864 1257 1928 proe-

109 1927 220 1993 dietus
230 1929 419 1994 Willelmus
429 1930 471 1995 de
480 1930 612 2017 Duglas
622 1931 733 2015 ipsum
744 1929 959 2015 Gyleminum
971 1930 1063 1995 infra
1074 1931 1257 1996 terminum

108 2016 307 2099 pradictum
329 2017 371 2082 de
392 2019 553 2102 praedioto
579 2018 716 2082 redditu
739 2017 852 2102 ejecit,
876 2017 967 2084 unde
986 2017 1070 2083 dicit
1093 2019 1183 2101 quod
1200 2019 1256 2085 de·

109 2103 290 2169 terioratus
313 2109 366 2169 est
388 2109 423 2170 et
445 2106 629 2190 dampnum
644 2105 746 2170 habet
761 2105 806 2169 ad
820 2104 1004 2170 valentiam
1018 2105 1143 2190 viginti
1158 2105 1206 2186 li’,
1222 2108 1259 2171 et

108 2189 188 2255 inde
211 2192 368 2276 producit
392 2198 530 2258 sectam.
576 2193 622 2258 Et
645 2191 837 2258 Willelmus
860 2192 953 2257 venit
968 2196 1004 2257 et
1019 2192 1174 2258 defendit
1188 2192 1257 2257 vim

109 2281 145 2342 et
159 2278 319 2363 injuriam
334 2280 480 2364 quando,
496 2284 560 2347 etc.
605 2280 730 2344 Postea
751 2279 845 2344 venit
866 2278 1048 2365 pradictus
1068 2279 1258 2346 Willelmus

108 2368 144 2429 et
159 2367 374 2447 coneordati3
397 2371 432 2431 et
455 2367 648 2433 Willelmus
672 2368 732 2431 dat
758 2366 934 2432 dimidiam
959 2367 1003 2430 m'
1030 2387 1091 2452 pro
1118 2367 1258 2433 lieentia

109 2454 344 2535 concordandi,
360 2458 396 2519 et
410 2458 463 2519 est
478 2455 658 2521 concordia
671 2454 751 2520 talis
768 2454 857 2538 quod
872 2454 1053 2538 pradictus
1069 2454 1257 2520 Gileminus

108 2539 255 2607 remittit
285 2541 446 2627 praedioto
479 2541 652 2607 Willelmo
687 2544 799 2606 totum
828 2542 885 2627 jus
912 2546 947 2606 et
971 2540 1141 2622 elamium,
1170 2543 1259 2627 quod

108 2626 229 2693 habuit
254 2628 291 2692 in
317 2628 477 2714 praedicto
503 2632 699 2696 tenemento
723 2650 785 2714 pro
813 2628 960 2713 quinque
981 2631 1024 2692 m’
1048 2633 1083 2694 et
1105 2628 1258 2711 dimidia,

108 2736 191 2800 quas
207 2715 239 2782 ei
253 2717 323 2781 dat.

173 2845 339 2910 Dominus
355 2845 396 2908 de
412 2843 514 2929 He1y2
528 2847 564 2909 et
580 2844 716 2924 Sirilda
729 2865 812 2908 uxor
824 2844 907 2928 ejus,
920 2843 975 2928 qui
991 2842 1145 2909 tulerunt
1159 2844 1258 2912 breve

109 2933 150 2998 de
174 2933 253 2997 dote
279 2952 394 2997 versus
418 2932 623 2997 Nicholaum
650 2933 692 2996 de
719 2930 873 3016 Bolteby,
899 2952 997 3014 quem
1024 2930 1200 2997 Galfridus
1216 2933 1258 2998 de

108 3019 214 3105 Upsal
226 3020 358 3085 vocavit
371 3019 416 3083 ad
430 3022 637 3083 warrantum
653 3021 689 3083 et
704 3018 762 3103 qui
777 3017 809 3082 ei
823 3017 1085 3098 warrantizavit,
1106 3019 1148 3084 de
1163 3023 1257 3085 tene-

108 3111 224 3172 mento
246 3107 282 3170 in
304 3105 495 3192 Lepering'‚
517 3127 585 3171 non
601 3110 683 3170 sunt
698 3105 878 3190 prosecuti.
924 3105 1006 3170 Ideo
1021 3106 1088 3190 ipsi
1102 3110 1138 3172 et
1153 3106 1259 3193 plegii

109 3194 162 3258 sui
177 3194 219 3259 de
234 3194 466 3279 prosequendo
481 3193 518 3256 in
534 3194 621 3273 mis'‚
639 3192 777 3273 seilicet,
795 3192 958 3257 Rioardus
968 3192 1076 3278 Long‘
1092 3193 1134 3258 de
1149 3193 1259 3281 Heley

108 3286 143 3345 et
158 3281 181 3345 J
182 3282 332 3346 ohanne
348 3282 389 3348 de
406 3281 571 3346 Saufhou.

172 3419 292 3484 Assisa
306 3418 401 3484 venit
424 3419 641 3502 recognitum
659 3419 688 3482 si
705 3418 728 3482 J
730 3418 881 3482 ohannes
896 3416 1036 3502 Paynel‚
1052 3417 1200 3484 Thomas
1216 3420 1257 3485 de

106 3506 309 3592 Aunteseye,
335 3504 510 3570 Walterus
536 3506 627 3570 filius
653 3505 804 3585 Uotredi,
830 3504 1008 3584 Ricardus,
1033 3505 1143 3570 irater
1168 3506 1256 3588 e'us,

108 3593 281 3660 Gilbertus
296 3593 387 3657 fflius
403 3593 560 3673 walteri,
576 3593 599 3657 J
600 3594 751 3658 ohannes
766 3592 858 3658 filius
872 3592 965 3672 Adae,
974 3591 1150 3658 Johannes
1203 3593 1256 3660 ius

108 3680 262 3760 Martini,
291 3681 467 3745 Johannes
498 3681 651 3760 Madaro,
678 3679 872 3744 Willelmus
902 3679 944 3744 de
974 3679 1191 3764 Flykeburn'‚
1223 3687 1258 3750 et

107 3769 280 3833 Johannes
296 3769 337 3832 de
353 3767 565 3852 Warlaweby
574 3767 703 3853 injuste
719 3770 754 3831 et
770 3768 842 3831 sine
857 3766 986 3852 judicio
1002 3767 1258 3834 dissaisiverunt

107 3855 276 3923 Abbatem
291 3856 332 3919 de
346 3855 511 3939 Alnewyk
526 3855 568 3921 de
586 3853 692 3920 libero
711 3857 907 3919 tenemento
923 3874 984 3918 suo
999 3853 1036 3917 in
1058 3853 1256 3942 Elyngton’,

107 3943 199 4008 inira
222 3943 519 4007 summonitionem
541 3942 685 4023 itineris,
700 3946 764 4007 eto.
809 3941 856 4004 Et
877 3941 968 4007 unde
990 3940 1145 4026 queritur
1166 3944 1258 4028 quod

107 4029 341 4096 disseisierunt
363 4050 440 4094 eum
462 4029 504 4093 de
519 4050 588 4093 uno
605 4028 791 4114 mesuagio,
808 4027 933 4113 viginti
955 4032 991 4092 et
1013 4028 1145 4094 duabus
1168 4031 1255 4096 acris

106 4121 217 4197 terrae,
244 4122 279 4181 et
305 4116 446 4181 dimidia
470 4137 548 4181 aera
571 4116 673 4202 prati,
701 4138 779 4182 cum
804 4115 1030 4200 pertinentiis.
1077 4115 1123 4180 Et
1143 4117 1258 4184 nullus

107 4226 224 4272 eorum
247 4206 351 4270 venit.
407 4204 453 4269 Et
477 4204 658 4289 pradictus
689 4203 834 4268 Thomas
863 4202 933 4267 fuit
959 4203 1169 4269 attachiatus
1198 4226 1259 4291 per

141 4361 321 4425 ¹Seebefora
332 4376 357 4426 p.
369 4360 426 4416 147.
712 4357 880 4479 ''fflelpi
881 4358 909 4410 in
921 4357 1018 4479 {pm
1030 4358 1081 4477 §pv
1079 4356 1177 4480 {lepore
1196 4360 1259 4414 Par.

710 4441 760 4491 rs,
881 4442 915 4490 a,
1018 4441 1033 4478 e
