2956 4988
300 473 415 520 sssraa
439 474 537 535 nona,
560 474 898 536 uonrnnuannnnun,
921 455 963 521 58
986 475 1067 522 nnn.
1090 475 1145 522 111.
1229 454 1292 520 185

138 632 176 694 et
191 628 294 729 Hngo
309 629 447 697 interim
463 629 569 714 quieti
584 629 655 694 sint
670 630 712 695 16
724 629 958 695 communibus
974 627 1294 695 summonitionibns

139 716 414 782 Justicrariornm
432 738 569 782 suorum
593 738 880 802 quorumcumque
895 717 932 781 in
947 717 1128 782 itineribus
1146 716 1227 796 suis,
1244 715 1295 781 ita

139 804 231 887 quod
253 825 313 888 per
340 805 531 870 absentiam
556 826 625 869 non
650 804 877 870 amercientur
903 804 1078 870 occasione
1108 803 1293 868 summoni-

141 891 275 955 tionum
299 892 546 976 praedictarum.
592 892 703 972 Teste,
729 896 806 972 etc,
835 891 928 977 apud
957 891 1111 955 Winton’
1142 913 1209 955 xxv
1238 889 1293 958 116

140 977 335 1043 Decembris
349 1000 451 1058 anno,
467 983 543 1059 etc,
559 978 571 1042 l
586 979 712 1044 tertio.l

205 1115 323 1180 Assisa
345 1115 439 1181 venit
462 1116 677 1201 recognitum
708 1115 736 1180 si
766 1116 914 1181 Thomas
939 1115 1027 1180 filius
1054 1114 1218 1179 Willelmi
1248 1114 1290 1179 16

138 1201 333 1267 Milleburn’
357 1203 498 1288 injuste,
522 1209 599 1282 eta,
622 1203 807 1267 disseisivit
830 1203 1037 1288 Margariam
1057 1203 1097 1267 16
1118 1201 1290 1286 Mylburn’

138 1288 182 1354 de
196 1288 303 1355 libero
318 1294 512 1354 tenemento
534 1311 595 1354 suo
617 1291 653 1353 in
677 1289 710 1353 N
711 1288 949 1370 orthbilbunr,²
963 1293 1041 1374 post
1054 1289 1211 1374 primam,
1227 1291 1290 1355 etc.

139 1376 187 1439 Et
202 1376 291 1440 unde
305 1377 460 1461 queritur
476 1378 564 1461 quod
579 1377 763 1441 dissaisivit
778 1397 852 1441 earn
868 1378 909 1441 de
930 1376 1033 1440 tertia
1053 1382 1151 1461 parte
1173 1376 1289 1440 decem

140 1484 296 1527 acrarum
320 1466 418 1529 terrae
441 1464 478 1526 in
504 1463 784 1543 Northbilburne,
812 1468 846 1530 et
872 1464 913 1530 16
938 1464 1070 1528 duabus
1084 1464 1109 1526 ε’
1126 1463 1291 1543 redditus,

142 1571 220 1615 curn
243 1549 469 1634 pertinentiis,
492 1549 528 1613 in
552 1551 730 1635 Kynton'.⁸
774 1551 820 1613 Et
842 1550 989 1615 Thomas
1009 1551 1113 1630 venit,
1135 1554 1170 1617 et
1184 1549 1292 1615 nichil

140 1636 227 1702 dicit
249 1658 352 1721 quare
376 1638 484 1702 assisa
508 1642 692 1718 remaneat,
719 1636 786 1701 nisi
811 1641 948 1702 tantum
974 1639 1064 1722 quod
1090 1636 1175 1703 dicit
1202 1638 1290 1721 quod

140 1723 293 1808 quaedam
315 1724 486 1805 Anabilia,
503 1729 613 1789 mater
628 1746 699 1804 sua,
717 1724 802 1789 obiit
818 1723 933 1789 seisita
949 1725 991 1788 de
1006 1724 1176 1809 praedictis
1198 1726 1289 1790 terra

142 1816 179 1875 et
194 1811 340 1891 redditu,
367 1815 405 1875 ut
430 1812 471 1875 16
494 1811 606 1890 feodo,
630 1817 665 1875 et
690 1812 778 1895 quod
805 1812 888 1896 ipse,
912 1820 990 1896 post
1010 1816 1153 1876 mortem
1183 1811 1290 1896 ipsius

140 1897 318 1979 Anabiliae,
346 1897 488 1962 intravit
512 1898 549 1961 in
575 1898 665 1962 idem
691 1902 935 1978 tenementum,
965 1903 1005 1961 ut
1035 1898 1122 1961 filius
1152 1898 1225 1982 ejus
1255 1906 1290 1963 et

141 1984 251 2064 heres,
274 1985 363 2050 unde
384 1985 468 2050 dicit
491 1986 581 2069 quod
602 1985 631 2049 si
651 1985 765 2069 aliqua
780 1984 959 2049 disseisina
974 1984 1005 2049 ei
1021 1985 1115 2050 facta
1129 1985 1210 2065 fuit,
1226 1986 1290 2050 hoc

141 2071 212 2136 fuit
225 2093 286 2156 per
300 2072 385 2136 alios
400 2077 435 2137 et
453 2093 520 2136 non
541 2093 601 2156 per
620 2072 743 2156 ipsum.
789 2073 834 2136 ut
861 2072 950 2156 quod
973 2072 1024 2135 ita
1050 2072 1106 2151 sit,
1133 2072 1230 2155 ponit
1255 2093 1290 2137 66

141 2179 244 2243 super
252 2159 403 2224 assisam.
448 2159 494 2222 Et
504 2157 697 2223 Willelmus
713 2158 802 2223 filius
814 2158 987 2244 Radulphi
997 2159 1039 2224 de
1052 2157 1238 2243 Halywelle
1253 2163 1289 2225 et

140 2245 316 2311 Johannes
333 2246 495 2324 Lecchur,
511 2244 752 2330 recognitores,
768 2267 836 2309 non
861 2249 1037 2326 venerunt,
1053 2245 1130 2310 ideo
1145 2246 1182 2309 in
1198 2245 1284 2310 mis'.

139 2333 317 2399 Juratores
332 2333 450 2398 dicunt
466 2353 567 2417 super
587 2339 835 2397 sacramentum
858 2354 958 2396 suum
980 2332 1068 2416 quod
1090 2333 1290 2417 praedictnm

140 2424 373 2484 tenementum
409 2419 479 2483 fuit
511 2421 568 2504 jus
605 2425 641 2484 et
677 2419 820 2483 liberum
862 2419 1080 2504 maritagium
1121 2420 1289 2504 praedictae

141 2506 318 2586 Anabiliae,
341 2507 460 2570 matris
482 2506 636 2591 praedicti
658 2506 807 2586 Thomae‚
831 2509 866 2570 et
888 2507 974 2591 quod
1002 2506 1077 2591 ipsa
1103 2506 1182 2571 inde
1205 2506 1291 2571 obiit

143 2593 270 2674 seisita,
286 2599 321 2657 et
337 2594 425 2677 quod
441 2593 530 2657 idem
545 2593 703 2673 Thomas,
724 2596 802 2678 post
821 2601 965 2658 mortem
982 2593 1150 2678 praedictae
1173 2593 1292 2658 matris

142 2701 221 2760 snae,
245 2680 388 2744 intravit
409 2680 444 2742 in
470 2681 558 2744 idem
582 2683 826 2759 tenementum,
849 2683 890 2744 ut
911 2680 1002 2744 filius
1025 2681 1098 2764 ejus
1123 2686 1157 2744 et
1181 2681 1289 2745 heres.

143 2767 189 2830 Et
204 2766 324 2832 dicunt
339 2767 427 2851 quod
443 2767 603 2852 praediota
619 2767 791 2852 Margeria
805 2789 997 2850 nuncquarn
1019 2767 1088 2831 fuit
1109 2767 1145 2830 in
1167 2766 1291 2831 seisina

142 2853 184 2920 16
212 2854 383 2939 praedictis
415 2859 506 2920 terra
536 2860 571 2918 et
600 2854 746 2934 redditu,
778 2854 857 2918 inde
887 2854 1007 2919 dicunt
1036 2854 1172 2938 praecise
1202 2855 1291 2938 quod

143 2941 323 3025 pradictus
337 2941 484 3005 Thomas
506 2961 573 3005 non
595 2941 779 3005 disseisivit
800 2941 996 3027 praedictam
1019 2941 1226 3026 Margariam
1249 2941 1290 3005 de

141 3028 301 3112 praedicto
316 3033 512 3093 tenemento
534 3029 623 3111 quod
645 3028 760 3113 posuit
775 3028 811 3090 in
827 3029 902 3092 visu
916 3049 977 3092 suo
992 3025 1122 3110 injuste
1145 3032 1180 3092 et
1203 3028 1291 3093 sicut

143 3115 240 3181 breve
263 3114 358 3179 dicit.
403 3115 486 3182 Ideo
509 3115 757 3180 consideratum
776 3115 930 3199 estquod
947 3115 1291 3199 praedictusThomas

141 3200 220 3266 inde
236 3201 308 3268 sine
324 3202 389 3281 die,
406 3205 441 3266 et
455 3202 616 3287 praedicta
632 3201 805 3287 Margaria
819 3201 925 3267 nichil
940 3201 1053 3285 capiat
1068 3223 1127 3287 per
1148 3202 1292 3266 assisam

142 3287 254 3369 istam,
271 3291 324 3353 set
340 3289 386 3353 sit
400 3288 436 3352 in
454 3289 528 3354 mis'
544 3311 604 3374 pro
619 3288 708 3353 falso
723 3288 878 3353 clamore.

207 3425 429 3490 Eadmundus
446 3427 488 3490 (16
505 3426 637 3505 Stokes,
655 3426 712 3510 qui
728 3425 811 3490 tulit
823 3426 922 3490 breve
934 3425 1053 3490 mortis
1069 3425 1293 3490 antecessoris

141 3534 256 3577 versus
279 3513 470 3578 Beatricem
491 3513 532 3576 de
554 3514 676 3577 Stokes
691 3517 726 3576 et
743 3513 827 3578 alios
843 3513 883 3576 16
899 3517 1094 3578 tenemento
1109 3513 1146 3575 in
1161 3512 1292 3596 lilling-

140 3599 224 3679 ton’,
236 3600 375 3664 renitet
387 3600 529 3666 retraxit
539 3622 584 3679 66,
596 3600 671 3664 1166
684 3600 755 3684 ipse
768 3605 803 3664 et
815 3599 919 3684 plegii
936 3600 988 3664 sui
1004 3600 1044 3665 de
1059 3601 1291 3685 prosequendo

142 3687 177 3749 in
202 3687 288 3766 mis',
313 3686 453 3767 scilicet,
470 3687 644 3752 Johannes
671 3686 940 3751 Molendinarius
967 3687 1008 3751 de
1033 3687 1230 3772 Ellyngton'
1257 3690 1293 3752 et

145 3773 331 3839 Willelmus
348 3774 389 3838 de
405 3773 558 3859 Espeley.

205 3920 372 3985 Ricardus
395 3919 484 3982 filius
508 3919 649 3985 Uctredi
673 3919 761 4005 petit
786 3940 901 3983 versus
923 3888 1104 4003 Hugonem
1131 3919 1172 3983 de
1197 3919 1292 3985 Dene

141 4007 288 4091 quinque
312 4028 406 4071 acras
430 4010 465 4071 et
486 4011 555 4072 tres
578 4007 677 4072 rodas
701 4012 797 4071 terrae
820 4027 896 4071 omn
916 4005 1134 4090 pertinentiis
1151 4007 1185 4068 in
1203 4007 1292 4092 Lyp-

140 4094 244 4172 wode,
267 4094 303 4156 in
334 4114 417 4178 quas
443 4094 533 4157 idern
563 4093 667 4179 Hugo
690 4114 760 4157 non
784 4093 889 4157 habet
914 4092 1105 4177 ingressum
1136 4093 1202 4157 nisi
1232 4115 1293 4178 per

174 4315 246 4368 ¹See
279 4319 338 4370 Pac.
367 4318 438 4379 noll,
468 4322 500 4369 53
529 4319 594 4369 Heu.
623 4318 688 4381 HL,
742 4317 887 4368 Ponteland
900 4317 1000 4368 Parish.

140 4401 173 4435 n.
190 4387 231 4435 25.
777 4383 788 4415 ³
807 4384 913 4436 Kenton
924 4384 952 4434 in
964 4383 1089 4436 Gosiorth
1101 4382 1200 4434 Parish.

172 4447 225 4502 Ἀ
236 4448 344 4502 misako
355 4450 397 4502 lor
408 4449 497 4502 North
509 4450 640 4504 Millburn
660 4449 689 4503 in
