2956 4988
250 475 1097 554 mmmmmm'otmm
1186 475 1252 540 lffi

104 651 272 717 Rimrdus
286 651 323 714 in
344 650 423 714 mis'
436 671 500 735 pro
520 648 611 714 fano
631 649 779 715 clamore
802 650 846 715 de
867 649 1040 735 predictis
1062 658 1143 716 octo
1165 649 1256 716 ieris

104 761 203 804 morae
217 748 253 804 et
268 739 408 802 hrum.

167 827 326 911 Dampna
341 825 368 909 ij
379 827 405 886 ε’
420 838 505 888 tunc
519 838 632 908 otpta.

167 983 285 1045 Assisa
301 980 393 1043 venit
404 980 620 1063 recognitum
635 982 664 1042 si
681 979 850 1044 Henrieus
865 979 907 1043 de
922 981 1096 1064 hlei-path*
1112 981 1255 1064 injuste„

104 1076 179 1148 etc„
196 1069 380 1133 disseisirit
396 1067 579 1129 Ricardum
601 1066 709 1129 tilium
725 1067 820 1131 Petri
834 1067 878 1129 de
894 1067 1066 1151 hloqmth.
1082 1068 1254 1151 naemu

104 1157 133 1220 le
159 1157 285 1221 Pestur
307 1168 342 1218 et
368 1154 582 1229 Madllidem,
608 1174 745 1216 uxorem
769 1155 858 1238 ejus,
872 1155 916 1217 de
931 1153 1036 1220 libem
1060 1168 1256 1220 tenemento

104 1266 164 1308 suo
180 1244 216 1306 in
233 1243 407 1326 Mor-path,
421 1252 498 1325 post
514 1243 671 1324 primam,
686 1256 752 1304 ete.
798 1241 843 1303 Bt
857 1240 949 1305 unde
962 1258 1155 1324 queruntur
1164 1241 1255 1327 quod

104 1330 289 1395 disseisirit
313 1351 371 1392 eos
394 1329 437 1391 de
460 1349 529 1391 uno
545 1328 636 1390 tofto
655 1349 733 1391 eum
747 1329 977 1411 pertinentiis.
1023 1329 1068 1391 Bt
1086 1328 1256 1394 Henrieus

103 1419 196 1482 venit
212 1426 248 1480 et
264 1418 346 1481 bene
361 1415 519 1499 cognovit
533 1415 624 1497 quod
635 1415 816 1498 praedictus
827 1415 993 1479 Bit-ardus
1008 1428 1042 1479 et
1059 1415 1129 1483 alii.
1140 1415 1257 1500 aliquo

103 1509 265 1589 tempore,
280 1504 421 1566 fuerunt
436 1503 470 1564 in
488 1503 612 1565 seisina
635 1502 678 1565 de
700 1503 861 1585 praedicto
880 1503 984 1579 tofto,
999 1512 1050 1566 set
1066 1503 1255 1587 dicitquod

104 1593 187 1677 ipse,
202 1591 318 1673 aliquo
332 1603 496 1672 tempore,
511 1590 592 1651 tulit
608 1589 776 1672 quoddam
802 1591 898 1654 breve
925 1590 997 1674 {de}
1024 1603 1118 1654 recto
1141 1612 1257 1655 versus

102 1681 302 1765 praedictum
311 1677 494 1740 Ricardum
505 1688 540 1740 et
552 1676 637 1738 alios
649 1676 690 1741 de
700 1677 768 1739 isto
783 1677 899 1739 eodem
910 1682 1106 1742 'tenemento
1115 1678 1150 1740 in
1162 1678 1255 1742 curia

104 1766 235 1833 domini
245 1766 287 1830 de
298 1764 483 1848 Morpath',
495 1764 545 1826 ita
560 1763 650 1846 quod
664 1784 726 1846 per
740 1765 1042 1828 considerationem
1054 1765 1156 1829 curiae
1165 1765 1257 1830 illius

105 1852 226 1919 habuit
241 1851 314 1936 ipse
329 1852 489 1914 seisinam
505 1850 547 1912 de
561 1850 678 1914 eodem
694 1861 901 1914 tenemento.
947 1852 991 1914 Et
1014 1852 1056 1915 de
1079 1852 1142 1916 hoe
1158 1853 1255 1936 pom

105 1964 139 2005 se
171 1961 275 2024 super
302 1941 456 2001 assisam.
514 1937 693 2001 Juratores
723 1937 841 2001 dieunt
872 1960 973 2022 super
1006 1946 1254 2002 saemmentum

106 2050 204 2092 suum
222 2027 312 2110 quod
327 2026 508 2109 pradictus
524 2024 693 2087 Heuricus
717 2036 892 2108 recuperet-
915 2026 1074 2088 seisinam
1096 2047 1191 2089 suam
1215 2026 1257 2092 de

105 2115 172 2179 isto
198 2115 316 2178 eodem
343 2118 538 2175 tenemento
566 2132 680 2174 versus
706 2113 904 2196 praedictum
921 2113 1104 2176 Biennium
1120 2123 1155 2178 et
1170 2113 1256 2177 alios

105 2224 165 2287 per
180 2199 485 2266 considerationem
510 2199 676 2282 pmdictae
700 2200 799 2263 euriae
821 2200 863 2264 de
885 2200 1057 2283 Morputh,
1074 2208 1108 2263 et
1124 2200 1256 2284 positus

105 2290 174 2353 fuit
200 2289 235 2350 in
263 2287 387 2352 seisiua
411 2286 453 2349 de
477 2286 594 2350 eodem
619 2291 814 2349 tenemento
837 2308 899 2370 per
924 2287 1065 2350 ballivos
1088 2286 1257 2371 predicta

106 2377 218 2453 curiae,
246 2375 337 2437 unde
364 2374 484 2437 dieunt
509 2373 645 2455 praecise
670 2374 760 2456 quod
787 2374 968 2457 predictus
992 2374 1161 2439 Henrieus
1187 2396 1256 2440 non

105 2463 291 2527 disseisirit
305 2461 483 2545 piaedietos
499 2460 682 2522 Ricardum
695 2469 730 2524 et
741 2460 825 2524 alios
837 2460 878 2524 de
890 2461 1050 2545 praedicto
1061 2465 1258 2527 tenemento

107 2552 197 2634 quod
212 2561 399 2633 posueruut
414 2548 449 2609 in
466 2547 539 2610 visu
555 2568 627 2610 su0.
673 2547 718 2611 nt
740 2548 816 2611 ideo
834 2548 1082 2612 considemtum
1100 2548 1257 2632 estquod

105 2638 288 2722 praedictus
313 2635 481 2698 Henricus
508 2633 587 2697 inde
615 2634 688 2699 sine
710 2634 776 2712 die,
792 2640 828 2698 et
843 2636 1009 2699 Ricardus
1025 2644 1060 2701 et
1076 2636 1135 2699 ulii
1152 2635 1258 2700 nichil

107 2725 244 2809 capiant
259 2745 320 2807 per
333 2722 475 2785 assisam
490 2721 603 2799 istam,
620 2726 672 2784 set
688 2722 758 2785 sint
774 2723 810 2784 in
826 2723 900 2785 mis’
916 2744 977 2807 pro
993 2721 1081 2787 falso
1101 2722 1257 2788 elamore.

173 2894 344 2961 Ger-ardus
361 2893 401 2956 de
419 2892 884 2975 Woderington,Willeln1us
908 2894 949 2960 de
972 2894 1207 2996 Musohuump,
1223 2901 1259 2960 et

107 2982 257 3048 Michael
281 2983 323 3045 de
346 2979 497 3064 Kyllum‚
522 2987 557 3044 et
576 2981 595 3041 J
599 2980 750 3043 ohannes
766 2981 807 3044 de
823 2980 943 3065 Oggel
960 2986 1105 3065 quatuor
1120 2982 1258 3063 milltes,

108 3069 306 3135 summoniti
322 3067 365 3131 ad
381 3067 574 3149 eligendum
592 3089 693 3150 super
707 3076 955 3134 sacramentum
968 3090 1066 3132 suum
1083 3069 1258 3135 duodecim

108 3160 149 3222 de
165 3157 330 3241 legalibus
348 3154 512 3217 militibus
525 3153 566 3216 de
579 3153 710 3218 visneto
722 3154 764 3218 de
776 3155 875 3219 West
891 3155 1087 3219 Materfend
1099 3162 1134 3221 et
1151 3157 1260 3222 Parva

108 3241 382 3325 Babinton-qui
399 3241 519 3304 melius
536 3241 646 3305 sciant
674 3246 709 3304 et
733 3241 837 3305 velint
862 3243 1038 3307 veritatem
1067 3243 1186 3320 dieeie,
1214 3245 1258 3308 ad

108 3331 303 3397 faciendum
330 3328 597 3412 recognitionem
621 3350 752 3412 magnae
774 3328 888 3392 assisae
903 3329 1032 3393 domini
1048 3330 1152 3414 Regis
1168 3331 1260 3396 inter
1292 3383 1295 3389 ,

109 3420 272 3482 Thomam
296 3416 337 3479 de
360 3414 518 3500 Feuwyk‚
535 3418 717 3498 petentem,
735 3420 769 3481 et
784 3415 986 3480 Nieholaum
1008 3417 1122 3496 Oasin,
1139 3422 1259 3483 tenen·

108 3511 189 3585 tem,
217 3506 257 3569 de
282 3502 449 3567 sexdecim
475 3503 562 3566 aeris
592 3511 691 3566 terrae
720 3505 755 3567 et
784 3502 926 3567 dimidia
954 3525 1033 3568 acra
1063 3503 1153 3588 prati
1183 3527 1259 3570 enm

109 3590 326 3678 pertinentiis
342 3593 377 3652 in
395 3589 492 3655 West
504 3589 719 3667 Materfend3
736 3595 770 3653 et
783 3590 872 3654 inter
883 3591 1058 3669 Thomam,
1075 3597 1260 3675 petentem,

110 3688 145 3744 et
168 3680 354 3744 Robertum
381 3675 536 3761 Bataylle
562 3676 603 3739 de
628 3676 738 3740 Parva
761 3677 954 3762 Babynton'
976 3679 1017 3742 de
1033 3679 1262 3764 quadraginta

110 3768 197 3832 acris
221 3771 319 3830 terrae
342 3786 419 3828 oum
444 3762 662 3847 pertinentiis
687 3763 721 3825 in
750 3764 857 3829 Parva
884 3764 1088 3845 Babinton'3
1112 3772 1147 3830 et
1170 3764 1262 3832 inter

110 3855 254 3921 eundem
291 3852 466 3929 Thomam‚
503 3853 687 3934 petentem,
726 3856 761 3914 et
797 3851 963 3916 Thomam
1005 3853 1046 3916 de
1091 3852 1260 3937 Bytieum,

110 3946 294 4019 tenentem,
320 3940 362 4002 de
389 3936 643 4022 quatuordeeim
667 3938 753 4002 aeris
776 3943 873 4003 terrae
896 3961 970 4004 cum
993 3939 1209 4023 pertinentiis
1225 3941 1260 4005 in

112 4030 229 4093 eadem
243 4026 324 4090 villa
337 4052 345 4102 ;
370 4032 406 4089 et
421 4025 511 4089 inter
520 4025 664 4088 eundem
677 4025 841 4089 Thomam
854 4026 895 4092 de
904 4026 1063 4111 Fenwyk‚
1076 4032 1260 4111 petentum,

112 4123 147 4181 et
164 4114 374 4199 Stephanum
390 4112 431 4176 de
447 4112 557 4174 Parva
572 4111 767 4191 Babiuton',
784 4117 969 4192 tenentem,
986 4114 1027 4177 de
1043 4114 1157 4178 donem
1174 4113 1260 4179 noris

112 4209 209 4268 terrae
239 4223 315 4266 eum
344 4197 560 4283 pertinentiis
591 4198 626 4261 in
656 4199 774 4264 eadem
806 4199 905 4279 villa3
936 4205 971 4266 et
1001 4201 1259 4266 intereundum

112 4290 288 4367 Thomam,
313 4291 498 4369 petentem,
529 4289 564 4348 et
587 4285 695 4349 Adam
719 4286 827 4350 filium
849 4287 1012 4353 Bernardi
1036 4287 1077 4353 de
1099 4293 1262 4371 quatuor·

113 4377 221 4442 deoim
236 4374 323 4439 aeris
338 4380 437 4437 terrae
452 4393 530 4436 cum
545 4372 762 4455 pertinentiis
778 4373 815 4436 in
830 4375 947 4438 eadem
964 4374 1053 4453 villa,
1069 4395 1154 4457 quas
1171 4375 1260 4441 idem

112 4462 259 4529 Thomas
273 4459 362 4546 petit
376 4480 492 4525 versus
508 4479 565 4523 eos
580 4480 641 4544 per
663 4459 761 4527 breve
784 4461 826 4525 de
847 4460 1106 4527 rationabilibus
1132 4461 1260 4531 divisis.
