2956 4988
274 456 388 503 sssmn
411 456 508 520 nonu,
531 454 871 517 nonsummum,
897 434 1045 500 53818.
1069 455 1124 501 111.
1223 434 1285 500 141

200 611 393 679 willelmus
405 612 447 676 de
458 610 645 678 Nederton'
657 612 693 675 et
707 608 866 690 Isabella,
877 628 962 674 uxor
971 610 1054 696 ejus,
1065 608 1123 694 qui
1131 609 1288 676 tulerunt

133 700 234 767 breve
258 720 352 765 novae
388 698 575 764 disseisinae
598 719 713 764 versus
740 696 945 762 Nieholaum
968 697 1010 764 de
1031 697 1187 782 Bolteby,
1218 716 1287 761 non

136 792 218 854 sunt
232 787 413 872 prosecuti,
436 786 512 852 ideo
528 785 594 870 ipsi
609 787 645 850 et
659 783 766 870 plegii
781 784 835 849 sui
849 784 891 849 de
906 785 1139 870 prosequendo
1151 785 1188 849 in
1201 784 1287 865 mis',

136 875 277 954 scilieet,
294 874 467 939 Walterus
482 874 524 938 de
539 873 772 957 Heppeseotes
791 875 826 936 et
840 871 1032 938 Willelmus
1055 871 1227 937 Noteman
1247 872 1288 939 de

138 962 330 1048 Staynton'.
376 962 422 1025 111
444 960 630 1025 Nioholaus
646 958 726 1023 inde
742 959 816 1024 sine
832 960 897 1024 die.

203 1141 395 1208 willelmus
419 1142 462 1206 de
487 1141 617 1206 Slavele
641 1145 677 1207 et
701 1141 824 1222 Alioia,
856 1161 942 1206 uxor
971 1140 1058 1227 ejus,
1090 1138 1291 1205 summoniti

136 1231 279 1296 fuerunt
307 1229 350 1294 ad
380 1229 652 1313 respondendum
682 1229 832 1294 Roberto
863 1229 905 1294 de
934 1229 1215 1313 Westhydewynl
1246 1227 1288 1292 de

137 1318 263 1403 placito
290 1316 378 1402 quod
404 1316 608 1401 permittant
630 1316 742 1401 ipsum
764 1317 890 1381 habere
913 1338 1127 1382 communem
1141 1319 1289 1400 pasturae

137 1405 175 1470 in
190 1405 238 1470 Le
255 1404 346 1470 Stele
362 1404 403 1469 de
419 1425 486 1487 qua
502 1402 629 1487 Gwydo
644 1403 676 1467 le
692 1403 858 1483 Forester,
871 1403 1147 1489 paterpraedictae
1159 1401 1289 1482 Alioiae,

138 1491 364 1644 fflssssrtheres
394 1490 486 1641 iim·
499 1496 562 1570 est,
589 1489 731 1640 ingnote,
761 1492 839 1571 eto,
877 1490 1063 1557 disseisivit
1091 1490 1290 1574 pradictum

216 1601 234 1644 e
270 1601 327 1643 um
387 1600 403 1642 s
459 1598 621 1657 nmam,e
640 1599 668 1642 c.

204 1667 251 1730 111
276 1599 468 1730 1111111118
498 1669 534 1730 01
564 1663 675 1730 Alioia
704 1664 857 1745 veniunt,
889 1667 924 1730 et
953 1665 1073 1731 dicunt
1103 1664 1192 1748 quod
1222 1683 1292 1728 non

140 1754 266 1820 debent
290 1753 322 1818 ei
346 1752 424 1819 inde
448 1752 492 1816 ad
517 1753 582 1817 hoo
608 1751 707 1818 breve
731 1752 946 1836 respondere,
972 1752 1052 1836 quia
1067 1753 1187 1816 dicunt
1203 1751 1292 1836 quod

138 1841 319 1926 praedictus
343 1840 513 1906 Robertus
537 1860 607 1904 non
631 1838 793 1920 ostendit,
818 1860 881 1904 neo
907 1839 1054 1923 aliquam
1082 1838 1290 1905 mentionem

139 1928 227 1994 facit
242 1930 284 1992 de
300 1928 413 2011 aliquo
428 1930 625 1992 tenemento
647 1926 691 1989 ad
715 1927 803 2009 quod
827 1927 989 2011 praedicta
1011 1930 1150 2012 pastura
1172 1926 1294 1992 debeat

140 2015 321 2100 pertinere,
345 2014 434 2079 unde
456 2013 546 2098 petit
566 2012 735 2098 judicium
758 2014 800 2078 de
822 2014 925 2079 brevi.
970 2015 1016 2078 Et
1039 2014 1208 2078 Robertus
1224 2034 1292 2079 non

140 2106 255 2188 potest
269 2103 334 2166 hoo
349 2101 513 2167 dedicere.
560 2099 819 2166 Consideratum
831 2105 884 2165 est
896 2102 984 2185 quod
996 2101 1148 2186 praedieti
1164 2099 1292 2165 Willel-

141 2211 217 2254 mus
233 2195 268 2254 et
283 2189 394 2253 Alicio
408 2188 488 2253 inde
504 2186 577 2253 sine
593 2187 658 2268 die,
675 2191 711 2254 et
725 2188 896 2255 Robertus
911 2189 948 2251 in
964 2187 1051 2253 mis'.

207 2358 401 2424 Willelmus
427 2358 469 2423 de
496 2359 658 2423 Pandune
682 2358 719 2421 in
749 2358 825 2423 mis’
855 2380 917 2444 pro
946 2359 1227 2444 transgressione,
1258 2362 1294 2425 et

143 2447 347 2513 ameroiatus
363 2451 415 2511 est
430 2447 474 2510 ad
489 2466 593 2509 unam
615 2466 772 2510 maroam.

208 2618 329 2684 Assisa
353 2620 448 2686 venit
472 2619 690 2705 recognitum
715 2619 743 2684 si
764 2621 918 2704 Rogerus
942 2620 1089 2686 Maudut
1112 2620 1238 2706 injuste
1259 2625 1295 2689 et

143 2707 217 2773 sine
246 2707 376 2792 judicio
406 2707 590 2772 disseisivit
620 2706 829 2772 Willehnum
854 2708 896 2772 de
926 2708 1096 2772 Blumvill'
1121 2709 1163 2774 de
1189 2709 1295 2775 libero

143 2798 341 2860 tenemento
364 2816 425 2859 suo
447 2794 485 2857 in
507 2794 725 2875 Bentesieud,
748 2799 827 2879 post
849 2794 1004 2880 primam,
1028 2799 1091 2862 eto.
1138 2796 1183 2861 llt
1205 2796 1296 2863 uude

143 2881 298 2967 queritur
327 2881 416 2967 quod
445 2881 630 2947 disseisivit
666 2901 744 2945 eum
774 2883 814 2947 de
844 2904 912 2947 uno
943 2881 1145 2968 messuagio,
1176 2886 1296 2968 quater

143 2969 268 3055 viginti
284 2972 320 3033 et
334 2970 449 3034 decem
470 2968 557 3033 aeris
579 2971 679 3032 terrae
701 2990 778 3033 oum
800 2969 1027 3053 pertinentiis.
1074 2970 1119 3034 Et
1140 2971 1296 3056 Rogerus

144 3056 238 3123 venit
253 3059 288 3120 et
303 3057 387 3121 dicit
402 3056 490 3139 quod
506 3055 685 3139 pmedictus
701 3054 891 3122 Willelmus
907 3056 1038 3141 injuste
1052 3057 1135 3121 tulit
1153 3058 1296 3122 assisam

143 3144 247 3208 istam
262 3165 376 3209 versus
392 3165 480 3222 eum,
496 3141 682 3226 dicitquod
698 3143 771 3227 ipse
787 3147 840 3208 est
858 3143 1015 3228 capitalis
1030 3143 1187 3209 dominus
1201 3144 1296 3209 feodi

144 3229 248 3310 illius,
264 3233 300 3294 et
314 3230 398 3295 dicit
418 3230 518 3314 quod,
533 3233 612 3314 post
627 3234 770 3294 mortem
787 3231 1138 3314 praedictiWillelmi,²
1153 3231 1297 3298 intravit

144 3318 181 3382 in
208 3317 406 3402 praediotum
437 3320 682 3397 tenementum,
710 3338 750 3382 eo
775 3318 864 3401 quod
893 3317 1031 3400 quidam
1060 3319 1183 3399 Adam,
1207 3319 1297 3385 filius

145 3404 252 3489 ipsius
268 3403 431 3468 Willelmi
454 3408 490 3468 et
512 3404 620 3484 heres,
636 3404 705 3467 fuit
728 3403 820 3469 inira
841 3407 986 3482 aetatem,
1003 3408 1038 3470 et
1060 3406 1150 3489 quod
1164 3406 1216 3471 ita
1238 3407 1296 3487 sit,

146 3491 245 3578 ponit
271 3513 306 3557 se
326 3512 426 3576 super
443 3490 595 3555 assisam.
640 3492 686 3555 111
709 3490 892 3576 Gregorius
915 3491 1004 3556 filius
1029 3494 1110 3558 Adae
1132 3514 1219 3557 unus
1245 3515 1298 3558 re-

147 3578 360 3663 cognitorum
374 3599 442 3644 non
461 3578 564 3657 venit,
580 3577 656 3643 ideo
671 3577 708 3641 in
722 3579 809 3642 mis'.
854 3580 900 3643 Et
922 3584 1083 3663 praeterea
1105 3581 1189 3645 dicit
1212 3583 1301 3665 quod

148 3667 300 3750 quaedam
323 3666 449 3749 Agnes,
471 3687 543 3749 quae
565 3665 635 3728 fuit
656 3687 742 3730 uxor
763 3667 916 3750 praedicti
939 3667 1104 3731 Willelmi
1127 3668 1299 3748 Maudut‚³

148 3755 243 3816 tenet
258 3752 404 3836 triginta
419 3773 525 3831 acras,
538 3752 675 3817 nomine
685 3753 785 3831 dotis,
797 3753 839 3816 de
854 3753 1024 3837 praedietis
1041 3759 1160 3838 quater
1174 3754 1298 3839 viginti

147 3844 183 3904 et
198 3840 312 3905 decem
328 3838 415 3904 acris
427 3843 536 3918 terrae,
552 3843 588 3903 et
602 3839 715 3903 tenuit
731 3840 784 3906 die
800 3861 866 3924 quo
877 3842 975 3906 breve
992 3863 1089 3905 suum
1102 3842 1299 3927 impetravit

147 3947 262 3990 versus
278 3948 364 3991 eum.

214 4015 389 4080 iuratores
419 4012 538 4077 dicunt
568 4034 667 4098 super
693 4018 942 4079 sacramentum
968 4036 1067 4079 suum
1097 4016 1186 4099 quod
1215 4037 1297 4101 prse-

183 4190 190 4221 ¹
208 4192 307 4242 Robert
317 4192 349 4242 de
361 4191 490 4256 Hydewin
500 4190 542 4241 del
551 4189 626 4242 West
637 4191 696 4242 held
780 4190 790 4222 ⁹
807 4192 871 4243 'Phis
889 4193 910 4243 is
923 4192 1038 4244 William
1050 4195 1095 4245 the
1112 4194 1198 4246 father
1208 4196 1236 4246 oi
1253 4195 1298 4247 the

150 4258 280 4322 Hydewin
292 4258 332 4308 del
345 4258 420 4308 West
437 4258 587 4308 forathird
598 4263 658 4323 part
669 4259 697 4308 oi
746 4259 966 4310 aforementioned
995 4261 1119 4311 William.
1166 4262 1249 4313 There
1277 4263 1298 4313 is

149 4340 197 4375 one
216 4324 255 4375 leo
278 4325 306 4374 oi
326 4324 371 4376 the
394 4324 436 4375 old
456 4325 590 4375 leoliment
607 4325 635 4374 of
652 4325 696 4376 the
746 4326 898 4391 apparently
910 4327 1058 4392 something
1074 4327 1183 4379 omitted
1200 4328 1228 4379 in
1246 4329 1298 4380 this

148 4390 252 4455 Barony
268 4391 296 4441 ol
322 4391 415 4442 Bolbeo
441 4392 528 4451 (ruta
546 4393 577 4441 de
601 4392 697 4453 Nevill,
747 4396 793 4443 ent
826 4431 832 4442 .

148 4454 277 4524 113821),
470 4514 474 4523 ¹
782 4408 834 4521 {tlt
845 4457 1159 4518 mistekeforBlumvill'.
