2956 4988
287 441 401 486 sssrza
424 441 522 502 aona,
546 442 884 503 xoaunuusunmun,
907 423 950 486 lo
972 443 1054 488 11111.
1077 444 1132 490 111.
1232 423 1295 488 113

143 596 300 661 custodia
313 596 467 682 ejusdem
479 595 603 662 villatas
619 598 727 663 evasit
739 599 773 663 et
786 597 1034 680 malcoreditur,
1047 599 1122 663 ideo
1135 599 1293 685 exigatur

142 686 178 750 et
200 683 386 769 utlagatur.
439 684 544 748 Nulla
567 685 689 749 habuit
719 685 852 750 catalla.
909 686 954 750 Et
980 687 1024 750 ad
1052 687 1219 772 judicium
1249 687 1291 752 de

141 772 298 836 evasione
325 791 426 856 super
452 771 602 837 villatam
631 773 672 836 de
696 772 846 859 Hopum.
891 774 937 836 Et
960 773 1007 859 xij
1028 776 1197 859 juratores
1215 795 1292 838 con·

141 856 336 924 celaverunt
350 859 541 924 evasionem
556 859 671 938 istam,
687 859 763 925 ideo
778 863 815 922 in
831 860 918 925 mis'.

205 996 316 1063 Alicia
345 997 415 1061 filia
445 997 560 1062 Ivonis
590 998 631 1062 de
661 997 811 1063 Eleford'
836 998 1019 1083 appellavit
1049 999 1086 1063 in
1124 998 1291 1064 comitatu
1373 1030 1377 1035 ¹

140 1082 335 1149 Galfridum
358 1086 465 1148 filium
490 1085 632 1149 Roberti
647 1086 688 1151 de
704 1085 843 1151 Eleiord
859 1087 899 1152 de
916 1108 997 1171 rapo
1012 1090 1048 1150 et
1062 1109 1144 1171 pace
1161 1086 1291 1151 domini

139 1171 245 1255 Regis
260 1172 420 1237 infracta.
466 1172 512 1235 Elt
527 1172 638 1237 Alicia
660 1194 728 1236 non
751 1174 856 1252 venit,
875 1173 952 1238 ideo
975 1174 1049 1258 ipsa
1073 1173 1239 1258 capiatur,
1256 1178 1291 1240 et

138 1257 194 1342 ple
219 1257 244 1321 ii
274 1259 327 1324 sui
356 1259 397 1326 de
427 1259 658 1344 prosequendo
682 1259 719 1324 in
745 1261 832 1340 mis',
868 1261 1009 1341 scilicet,
1051 1261 1156 1345 Hugo
1200 1260 1290 1325 filius

139 1345 196 1408 W·
226 1346 304 1412 elmi
320 1347 361 1412 de
377 1345 527 1411 Eleford’
544 1349 578 1413 et
594 1346 786 1412 Willelmus
802 1346 891 1412 filius
907 1347 990 1413 Adae
1012 1347 1054 1412 de
1070 1349 1198 1412 eadem.
1242 1349 1290 1412 Et
1421 1357 1427 1375 ·

140 1431 316 1499 Galfridus
339 1433 442 1498 venit.
487 1435 534 1497 Et
556 1435 725 1518 juratores
741 1434 860 1500 dicunt
876 1436 964 1519 quod
986 1435 1182 1500 concordati
1198 1438 1291 1516 sunt,

139 1523 175 1584 et
199 1521 287 1604 quod
309 1520 490 1606 praedictus
514 1521 689 1587 Galfridus
712 1521 745 1586 vi
766 1521 948 1587 concubuit
963 1544 1040 1587 cum
1055 1543 1106 1602 ea,
1122 1521 1199 1588 ideo
1216 1522 1288 1608 ipse

139 1607 369 1687 custodiatur3
404 1609 507 1672 finem
538 1608 623 1675 fecit
658 1629 719 1693 per
742 1609 917 1673 dimidiam
953 1610 1008 1689 m',
1038 1629 1099 1694 per
1135 1609 1286 1694 plegium

138 1694 278 1759 Ricardi
293 1695 433 1780 Heyru'.

204 1814 405 1901 liudulphus
431 1816 462 1881 le
487 1816 609 1882 Messir
633 1817 674 1881 de
703 1817 822 1902 Harop
852 1818 893 1882 de
924 1818 1140 1903 Dycheburn'
1167 1816 1292 1882 occidit
1360 1876 1364 1883 .

138 1902 325 1968 Patricium
348 1904 447 1970 Tette
469 1903 506 1966 in
522 1925 639 1990 campo
656 1905 697 1970 de
720 1905 949 1989 Dycheburn'.
993 1905 1039 1967 Et
1061 1903 1180 1969 statim
1195 1903 1290 2005 fugit

139 1992 174 2056 et
198 1990 447 2071 malcoreditur‚
472 1990 548 2055 ideo
575 1993 732 2075 exigatur
756 1995 791 2055 et
817 1992 1001 2077 utlagetur.
1058 1991 1191 2057 0111111
1217 2012 1292 2076 1]111

139 2077 194 2140 vs’
210 2077 243 2162 vj
258 2078 301 2156 d’,
318 2078 405 2142 unde
422 2079 604 2144 vicecomes
616 2079 831 2164 respondeat.
876 2080 923 2143 Et
938 2079 1088 2158 Beatrix,
1104 2100 1189 2144 uxor
1205 2079 1289 2162 ejus,

139 2163 250 2249 prima
286 2164 468 2244 inventrix,
498 2166 592 2231 venit
630 2170 665 2231 et
702 2187 771 2230 non
810 2166 1057 2232 malecreditur.
1124 2166 1170 2229 111
1209 2164 1290 2249 quia

139 2253 313 2316 hutesium
331 2252 401 2316 fuit
426 2252 586 2332 levatum,
611 2260 646 2318 et
669 2253 785 2318 villata
812 2254 853 2319 dc
878 2253 1085 2319 Dicheburn’
1114 2274 1183 2317 non
1206 2252 1290 2318 fecit

141 2343 279 2419 sectam,
295 2339 371 2405 ideo
387 2339 420 2402 in
439 2339 525 2404 mis'.

204 2476 347 2543 Beatrix
377 2478 418 2543 (11
448 2478 582 2542 Rodum
613 2478 825 2563 suspendidit
854 2500 889 2545 se
919 2477 1027 2564 ipsam
1069 2478 1106 2542 in
1141 2477 1288 2562 quodam
1328 2526 1332 2541 .
1362 2532 1368 2539 .

140 2564 281 2630 turrello
308 2564 344 2628 in
368 2564 447 2630 villa
469 2566 510 2629 de
534 2565 732 2629 Newenton’
756 2586 857 2651 super
879 2587 1019 2631 moram.
1064 2565 1189 2629 Nullus
1212 2565 1291 2630 inde
1330 2538 1361 2579 Μ

140 2651 387 2717 malecrcditur.
429 2651 612 2733 Judicium,
628 2652 757 2719 felonia
772 2654 814 2718 de
829 2675 874 2720 se.
921 2652 1054 2718 01111111
1070 2651 1144 2737 ejus
1160 2651 1290 2738 xxvijr’

139 2739 213 2820 vd’,
229 2739 319 2804 unde
334 2739 517 2809 vicecomes
533 2740 746 2825 respondeat.
793 2740 910 2805 Prima
926 2740 1098 2807 inventrix
1113 2739 1209 2804 obiit.

204 2879 377 2944 Johannes
402 2878 491 2942 filius
518 2878 674 2964 Uttring'
705 2879 746 2945 de
776 2879 864 2943 Rok'
889 2878 1080 2945 vulneravit
1109 2877 1291 2944 Gafridnm
1321 2876 1352 2922 s

139 2964 246 3029 filium
283 2965 403 3030 Arkill’
440 2965 585 3050 quadam
622 2966 756 3045 hechia,
800 2966 851 3030 ita
887 2967 978 3049 quod
1014 2966 1106 3030 infra
1142 2965 1291 3049 quinque
1393 2956 1418 3042 '7’

139 3053 346 3138 septimanas
360 3056 481 3138 postea
495 3053 575 3119 inde
591 3053 688 3119 obiit.
734 3054 780 3116 Et
801 3053 975 3120 lohannes
998 3052 1116 3117 statim
1139 3052 1233 3138 fugit
1255 3056 1291 3117 et
1338 3024 1379 3125 l2

138 3140 387 3220 malcereditur,
403 3140 479 3205 ideo
495 3141 651 3226 exigatur
666 3144 702 3205 11
723 3140 909 3225 utlagetur.
955 3139 1090 3206 Oatalla
1105 3139 1180 3224 ejus
1195 3139 1253 3224 viij
1264 3140 1289 3204 ε’

138 3227 176 3312 iij
190 3228 234 3309 d',
258 3228 349 3292 unde
372 3228 555 3293 vicecomes
579 3228 791 3354 respondeat.
848 3228 894 3292 111
918 3228 998 3311 quia
1022 3227 1194 3293 hutesium
1220 3226 1291 3290 fuit

138 3314 297 3395 levatum,
309 3319 344 3380 et
359 3315 476 3380 villata
492 3315 532 3380 de
547 3315 633 3379 Rok’
662 3336 732 3379 non
746 3315 830 3380 fecit
846 3320 984 3396 sectam,
1000 3313 1076 3381 ideo
1092 3314 1128 3378 in
1144 3313 1230 3379 mis'.

202 3452 441 3518 Malefactores
464 3453 598 3538 ingnoti
625 3453 854 3538 burgaverunt
877 3454 1012 3518 domum
1036 3453 1116 3517 Edae
1139 3451 1173 3517 la
1195 3453 1289 3537 Raye
1321 3442 1358 3488 's'

139 3538 175 3603 in
198 3539 276 3604 villa
300 3540 340 3606 de
363 3540 582 3625 Renington',
606 3545 642 3605 et
664 3541 772 3623 ipsam
796 3541 904 3605 Edam
928 3540 1134 3619 occiderunt,
1151 3542 1185 3605 11
1200 3539 1289 3604 bona

140 3647 199 3691 sua
223 3630 493 3712 asportaverunt.
553 3627 715 3693 Nescitur
761 3628 819 3712 qui
855 3628 1007 3694 fuerunt.
1074 3625 1221 3691 Matilda
1247 3626 1289 3692 de

139 3713 362 3793 Haddeston',
392 3714 503 3799 prima
539 3713 721 3794 inventrix,
760 3714 854 3779 obiit.
921 3714 1045 3778 Nullus
1075 3713 1154 3778 inde
1183 3713 1288 3777 male-

139 3801 296 3917 creditpr.
340 3802 387 3866 111
408 3801 525 3865 villata
547 3801 589 3868 de
611 3802 828 3887 Renyngton’
851 3823 920 3866 non
943 3801 1028 3866 fecit
1050 3805 1188 3881 sectam,
1211 3800 1288 3866 ideo

140 3908 176 3951 111
189 3909 253 3952 m1s
268 3938 275 3953 .

203 4009 340 4093 Utung
356 4009 446 4074 filius
460 4009 544 4075 Adae
558 4009 748 4075 vulneravit
765 4008 975 4074 Willelmum
998 4009 1105 4072 filium
1127 4007 1287 4093 Hugonis
1351 4074 1355 4079 ,

139 4097 283 4179 quodam
299 4097 421 4162 cutello
436 4097 473 4160 in
487 4100 616 4176 ventre,
632 4097 682 4161 ita
696 4097 785 4180 quod
807 4096 925 4161 statim
946 4099 1066 4181 postea
1087 4096 1166 4160 inde
1189 4095 1287 4175 obiit,

139 4186 174 4247 11
189 4184 307 4248 statim
321 4183 415 4269 fugit
437 4187 472 4250 11
493 4184 741 4264 maleereditur,
764 4185 840 4248 ideo
863 4184 1020 4269 exigatur
1042 4186 1079 4247 11
1099 4182 1285 4267 utlagatur.

139 4268 243 4336 Nulla
263 4271 385 4337 habuit
406 4271 540 4337 catalla.
603 4272 649 4335 Et
671 4271 787 4356 Hugo,
817 4275 914 4356 pater
936 4270 1085 4355 ejusdem
1107 4268 1287 4350 willelmi,

512 4442 520 4477 ¹
538 4443 612 4502 Book
623 4442 651 4501 in
663 4443 801 4499 Embletou
812 4442 912 4497 Parish.

1098 4528 1111 4577 1
