2956 4988
287 461 881 523 lss1zanonn,uoanaunnnnmun,
906 445 926 509 7
948 461 1036 507 nna.
1061 463 1085 506 1.
1195 441 1258 506 313

105 620 141 683 et
163 617 411 699 malcoreditur,
438 617 515 682 ideo
541 614 699 701 exigatur
721 618 757 681 et
780 615 967 701 utlagatur.
1024 615 1158 681 Catalla
1181 616 1257 701 ejus

107 705 209 769 nulla.
244 706 291 769 Et
306 705 430 770 villata
446 705 487 769 de
502 703 718 783 Pressefen',¹
735 703 929 782 Levermue,
942 707 978 768 et
993 703 1172 768 Murdrum
1185 705 1254 788 (sic)

107 813 176 856 non
191 792 349 859 iecerunt
364 796 490 859 sectant
505 796 583 876 post
597 791 720 874 ipsum,
738 790 814 854 ideo
829 791 865 854 in
882 791 971 855 mis’.

173 961 365 1026 Willelmus
395 960 608 1046 Hoggehird,
639 961 744 1047 Hugo
773 960 897 1025 Knith'
929 961 970 1025 de
1000 961 1191 1040 Pressefen,
1223 966 1258 1026 et
1291 916 1335 1001 s

109 1049 303 1133 Stephanus
319 1049 409 1112 filius
431 1050 452 1112 J
454 1048 550 1113 acobi
567 1049 811 1113 subtraxerunt
827 1069 863 1113 se
878 1050 915 1112 et
929 1048 1201 1113 malecreduntur
1217 1048 1258 1113 de

108 1137 260 1222 pluribus
286 1136 488 1215 latrociniis,
504 1135 581 1200 ideo
604 1136 786 1220 exigantur
812 1139 847 1201 et
872 1135 1080 1220 utlagentur.
1127 1135 1259 1200 Catalla

109 1224 258 1308 praedicti
276 1222 439 1288 Willelmi
454 1223 477 1307 ij
491 1223 528 1286 ε’.
575 1222 709 1288 (lataila
723 1223 876 1308 praedicti
893 1222 1059 1307 Stephani
1074 1221 1122 1307 xij
1133 1223 1159 1285 ε’
1175 1223 1200 1309 ij
1213 1223 1257 1287 d'.

109 1312 155 1375 lit
177 1311 257 1395 quia
277 1311 366 1374 idem
391 1309 584 1395 Stephanus
612 1330 681 1373 non
704 1309 942 1374 malecreditur
969 1308 1036 1373 nisi
1061 1314 1200 1373 tanturn
1216 1311 1257 1375 de

108 1404 255 1482 quatuor
277 1396 413 1482 gallinis
436 1396 572 1478 furatis,
597 1397 672 1461 ideo
692 1398 809 1461 redeat
832 1396 861 1460 si
883 1396 1038 1461 voluerit.
1083 1397 1130 1460 Et
1152 1397 1258 1462 nichil

109 1488 150 1549 de
165 1484 336 1570 utlagaria
351 1505 465 1549 versus
480 1484 679 1569 praedictum
696 1484 918 1569 Stephanum.

175 1648 413 1713 Malefactores
444 1647 579 1733 ingnoti
608 1641 840 1732 burgaverunt
876 1647 1012 1709 domum
1038 1645 1175 1710 Thomae
1199 1646 1260 1710 filii
1288 1586 1340 1689 s

110 1735 267 1815 Galiridi,
284 1744 319 1800 et
336 1735 425 1798 bona
449 1757 511 1799 sua
532 1738 800 1819 asportaverunt.
846 1733 1007 1797 Nascitur
1030 1754 1096 1816 quo
1117 1734 1259 1799 devene-

109 1828 202 1887 runt.
248 1823 294 1886 Et
318 1822 442 1886 villata
468 1823 510 1888 de
539 1820 710 1885 Manlauc
740 1825 775 1885 et
804 1820 976 1885 Paleston'
1005 1840 1073 1883 non
1105 1821 1260 1886 iecerunt

110 1915 237 1976 sectam
252 1915 330 1994 post
345 1910 469 1994 ipsum,
486 1908 562 1973 ideo
578 1909 615 1971 in
631 1908 717 1973 mis’.

175 2066 247 2129 Eva
262 2064 302 2130 de
319 2062 449 2127 Fauian
464 2067 500 2129 et
518 2064 620 2147 Hugo
643 2062 760 2126 Tukur
786 2060 1029 2124 subtraxerunt
1055 2083 1090 2127 se
1106 2064 1141 2125 et
1156 2062 1259 2127 male·
1292 2064 1338 2143 s

111 2153 296 2218 creduntur
311 2150 351 2215 de
366 2150 520 2235 pluribus
544 2149 744 2225 latrociniis,
761 2149 837 2211 ideo
853 2148 1035 2232 exigantur
1049 2153 1085 2212 et
1100 2149 1258 2235 utlagen-

108 2240 190 2304 tur.³
253 2238 386 2303 Catulla
423 2237 592 2322 praedicta
625 2237 704 2301 Evae
733 2235 784 2320 iiij
803 2235 835 2297 cl'
866 2236 924 2315 ob’,
956 2235 1044 2299 unde
1075 2236 1260 2302 vicecomes

110 2327 321 2476 respongeat.
356 2325 489 2390 Catalla
507 2324 663 2410 Hugonis
678 2324 732 2407 xvj
746 2323 779 2385 d’
796 2322 855 2401 ot’,
868 2322 957 2386 unde
973 2321 1063 2387 idem
1078 2323 1261 2391 vicecomes

110 2434 231 2499 respon
258 2416 324 2478 eat.

176 2566 345 2631 Patricius
361 2566 402 2630 de
424 2564 596 2630 Paleston’
613 2567 649 2628 et
672 2563 783 2628 Adam
806 2562 896 2627 filius
923 2563 1072 2649 Philippi
1088 2565 1261 2632 decadem
1308 2584 1346 2642 J

110 2654 308 2719 occiderunt
331 2652 539 2719 Willehnum
565 2652 607 2715 de
630 2649 832 2714 Berthalwe.
877 2652 923 2714 Et
949 2651 1118 2716 Patricius
1142 2653 1260 2717 statim

110 2740 205 2827 fugit
238 2744 274 2808 et
298 2745 417 2825 postea
443 2743 563 2824 captus
589 2736 659 2802 fuit
683 2741 718 2804 et
744 2737 975 2822 inprisonatus
1007 2738 1096 2822 apud
1126 2740 1260 2805 Novum

111 2828 281 2893 Castrum.
328 2829 374 2891 Et
389 2831 508 2912 postea
530 2846 643 2891 coram
670 2825 876 2889 Justiciariis
900 2825 945 2888 ad
970 2825 1120 2909 gaiolum
1135 2827 1260 2892 delibe-

111 2917 265 2996 randum,
291 2915 421 2980 dictum
441 2914 510 2978 fuit
529 2917 565 2978 et
588 2912 713 2977 ibidem
733 2912 832 2990 dixit,
857 2913 947 2996 quod
970 2911 1110 2979 clericus
1132 2916 1205 2978 erat
1227 2920 1262 2981 et

113 3003 260 3067 traditus
288 3007 362 3068 erat
382 3000 565 3079 ordinario,
589 2998 732 3079 scilicet,
753 2999 921 3084 Episcopo
947 2998 1169 3066 Dunelmensi
1200 3023 1261 3087 pro

113 3089 283 3174 culpabili.
333 3090 379 3152 Et
393 3090 504 3153 Adam
519 3087 613 3172 fugit
628 3091 662 3150 et
684 3085 932 3165 malecreditur,
948 3086 1024 3152 ideo
1048 3089 1206 3173 exigatur
1228 3095 1262 3154 et

113 3177 297 3262 utlagatur.
343 3176 447 3240 Nulla
462 3176 656 3241 habuerunt
672 3172 806 3238 catalla.

177 3323 343 3387 Ricardus
359 3321 459 3386 Palet
474 3322 516 3385 de
533 3323 657 3386 Scoton
680 3320 804 3384 occidit
821 3321 841 3383 J
844 3321 1013 3385 ohannem
1029 3323 1069 3386 de
1091 3323 1262 3410 Beringge
1377 3312 1390 3331 ⁵

113 3410 149 3473 in
167 3411 284 3476 eadem
307 3409 387 3474 villa
402 3414 436 3473 et
451 3409 569 3473 statim
585 3408 678 3492 fugit
693 3413 728 3472 et
743 3407 991 3486 malecreditur,
1008 3409 1082 3474 ideo
1105 3411 1263 3495 exigatur

113 3503 147 3562 et
163 3497 345 3582 utlagetur.
392 3496 524 3560 Catalla
539 3498 611 3580 ejus
628 3494 731 3559 nulla.
778 3496 823 3560 lit
837 3494 1027 3560 Willelmus
1043 3496 1084 3561 de
1100 3497 1134 3562 la
1148 3499 1262 3581 Barre,

112 3591 301 3664 coronator,
317 3605 386 3649 non
402 3584 578 3668 respondit
593 3582 635 3648 de
650 3583 718 3647 ista
731 3582 876 3666 loquela,
893 3583 969 3647 ideo
985 3584 1021 3646 in
1037 3584 1124 3650 mis'.

177 3735 229 3836 De
245 3734 362 3884 apellem
376 3730 572 3797 vicecomite
596 3731 637 3797 de
660 3730 792 3795 catallis
807 3730 986 3797 Michaelis
1002 3732 1043 3797 de
1059 3732 1173 3819 Lyth',
1190 3755 1262 3799 sus·
1320 3712 1364 3775 s

112 3844 220 3907 pensi,
236 3844 281 3906 x1J
332 3869 340 3886 .

180 3983 349 4047 Henricus
367 3980 398 4046 le
420 3979 521 4062 hung
542 3978 582 4042 de
604 3976 758 4057 Kilhum,
786 3979 940 4064 Rogerus
965 3979 996 4043 le
1021 3979 1164 4044 Berther
1185 3981 1263 4045 suh·
1299 4026 1333 4076 s

112 4076 292 4136 traxerunt
315 4091 349 4134 se
372 4071 408 4131 et
431 4066 703 4132 malecreduntur
727 4066 768 4131 de
794 4067 946 4149 pluribus
973 4066 1172 4146 latrociniis,
1189 4066 1264 4134 ideo

115 4160 297 4244 exigantur·
311 4161 346 4222 et
361 4155 571 4240 utlagentur.
619 4151 753 4217 Oatalla
768 4153 871 4218 nulla.

148 4337 292 4400 ¹Prcss0n,
320 4334 488 4396 Learmouth,
514 4333 566 4384 and
592 4331 664 4384 Min·
748 4329 869 4384 ³Eithev
886 4332 941 4383 Eva
960 4336 1030 4384 must
1041 4333 1144 4386 hcrcbo
1157 4335 1265 4389 nman’s

113 4407 199 4457 drnm.
714 4414 788 4450 name
811 4415 840 4451 or
861 4400 934 4451 there
964 4400 987 4451 is
1013 4415 1028 4450 a
1054 4401 1171 4464 mistahe,
1194 4419 1221 4455 as
1249 4421 1265 4456 a

145 4470 155 4502 ²
173 4472 331 4537 Moncylaws
342 4469 392 4520 aad
405 4469 513 4520 Paston.
714 4481 811 4517 woman
824 4481 874 4517 vus
885 4466 989 4528 waived,
1000 4470 1047 4519 not
1058 4467 1191 4520 outlnwed.
