2956 4988
301 439 537 499 nasamone,
561 438 898 501 ronmvussnnxun,
922 421 965 483 40
987 439 1071 486 111111.
1094 442 1147 487 111.
1239 422 1303 486 125

152 594 275 681 aliquis
291 595 389 660 elius.
434 594 632 659 Submersus
648 592 727 658 fuit.
772 595 795 659 J
798 593 958 676 odicium,
974 594 1212 662 infortunium.
1257 597 1303 663 Et

151 682 272 836 ἕξω
299 683 340 749 de
367 682 546 748 Scoteston
572 680 727 765 sepelivit
753 703 831 746 eum
858 681 931 749 sine
957 693 1135 763 warranto,
1166 683 1241 749 ideo
1265 684 1303 749 in

218 906 411 972 Willelmus
432 907 526 970 Brun
548 905 590 970 de
613 903 851 989 Bridelington
874 905 967 990 fugit
990 906 1031 970 ad
1057 906 1232 973 ecclesiam
1262 909 1304 976 de
1342 902 1412 989 vlf

152 995 307 1080 Mangna
328 993 501 1073 Hocton'‚¹
518 994 553 1057 et
569 992 727 1077 cognovit
742 1013 777 1057 se
793 1012 866 1057 esse
887 992 1064 1073 latronem,
1081 998 1116 1059 et
1132 995 1304 1081 abjuravit
1374 999 1383 1044 s
1399 1011 1425 1043 -“

153 1103 297 1167 regnum
315 1102 427 1146 coram
442 1084 650 1146 coronatore.
689 1079 794 1179 Nulla
808 1080 929 1144 habuit
945 1081 1078 1144 catalla.
1125 1083 1171 1146 Et
1186 1082 1304 1148 villata

153 1170 195 1234 de
211 1169 344 1254 Howyk
358 1190 427 1233 non
443 1169 537 1232 venit
552 1168 595 1231 ad
611 1167 871 1252 abjurat1onem‚
888 1167 965 1232 ideo
980 1167 1016 1231 in
1033 1168 1119 1233 mis'.

219 1306 351 1370 Alanus
378 1307 420 1371 de
450 1304 617 1390 Oreydon'
640 1302 826 1388 appellavit
856 1305 891 1368 in
922 1306 1088 1371 comitatu
1117 1307 1304 1374 Henricum
1355 1336 1412 1378 ν

154 1393 264 1459 filium
285 1391 468 1478 Reginaldi
491 1393 532 1456 de
555 1390 782 1475 Edelingham
805 1393 846 1456 de
869 1393 1087 1458 verberatura
1102 1398 1138 1460 et
1158 1396 1199 1462 de
1220 1416 1304 1481 pace

154 1480 283 1547 domini
295 1478 425 1565 Regisl
463 1480 508 1543 Et
519 1478 650 1543 Alanus
664 1479 763 1543 modo
775 1500 843 1543 non
856 1480 959 1558 venit,
976 1480 1051 1545 ideo
1062 1482 1134 1567 ipse
1150 1482 1305 1568 capiatur

155 1573 191 1633 et
213 1567 317 1653 plegii
345 1567 398 1631 sui
424 1566 465 1632 de
488 1566 719 1651 prosequendo
745 1565 781 1629 in
809 1568 894 1632 mis'.
940 1568 986 1631 Et
1011 1568 1117 1654 plegii
1143 1569 1196 1634 sui
1223 1573 1305 1634 sunt

155 1655 292 1721 mortui.
337 1655 383 1718 Et
406 1654 574 1739 juratores
596 1657 770 1717 testantur
793 1655 882 1737 quod
906 1676 976 1719 non
1001 1661 1082 1720 sunt
1108 1656 1305 1722 concordati

155 1763 218 1808 nec
234 1742 323 1807 idem
339 1740 509 1806 Henricus
524 1743 577 1805 est
591 1739 768 1824 culpabilis
784 1742 825 1805 de
840 1740 954 1825 aliqua
968 1744 1248 1828 transgressione.

220 1881 395 1945 Walterus
410 1879 500 1944 filius
516 1878 663 1943 Simonis
680 1879 721 1944 de
733 1879 861 1961 Werk',
871 1883 1020 1946 rettatus
1031 1882 1073 1947 de
1085 1883 1305 1965 bidentibus,³

98 2023 102 2029 ,
156 1969 328 2034 subtraxit
354 1988 390 2032 se
420 1970 455 2033 et
484 1965 732 2047 malecreditur,
763 1965 838 2033 ideo
868 1968 1026 2054 exigatur
1054 1976 1089 2034 et
1118 1971 1303 2056 utlagetur.

156 2055 290 2122 Catulla
305 2055 381 2140 ejus
397 2053 436 2139 iij
448 2054 474 2116 s’
490 2052 542 2137 iiij
555 2053 601 2133 d’,
617 2054 707 2119 unde
722 2052 904 2120 vicecomes
919 2057 1131 2141 respondeat.

220 2194 243 2258 J
244 2196 397 2258 uratores
419 2194 626 2276 praesentant
641 2193 731 2276 quod
747 2191 879 2258 Odinel'
895 2194 936 2259 de
952 2194 1135 2277 Alderden,
1151 2196 1304 2278 clericus,
1355 2248 1401 2283 w

156 2285 277 2368 captus
292 2279 364 2343 fuit
379 2300 440 2364 per
454 2282 582 2343 sectam
599 2278 762 2343 Willelmi
782 2281 824 2346 de
846 2282 964 2360 Bosco,
987 2281 1153 2368 inponens
1170 2284 1306 2369 siquod

155 2370 227 2470 ipse
250 2368 386 2432 iuratus
411 2365 481 2430 fuit
503 2368 674 2451 quandam
698 2368 951 2452 supertunicam
974 2376 1009 2433 et
1029 2369 1190 2449 lintiam,⁴
1205 2376 1240 2436 et
1254 2372 1307 2436 in-

155 2460 351 2543 prrsonatus
366 2453 403 2517 in
418 2453 556 2539 prisona
570 2453 611 2520 de
627 2453 723 2519 Novo
735 2453 867 2521 Castro.
912 2456 957 2520 Et
972 2456 1052 2540 quia
1068 2457 1158 2523 idem
1173 2457 1305 2525 Odinel'

155 2544 226 2609 fuit
241 2541 393 2620 clericus,
408 2540 502 2605 venit
524 2539 697 2604 Walterus
720 2540 861 2627 Heyrun
884 2545 920 2608 et
941 2543 1089 2610 Thomas
1111 2546 1305 2632 capellanus

142 2632 197 2719 ,de
212 2629 308 2694 Novo
324 2631 456 2706 Castro,
472 2631 635 2711 tanquam
657 2628 826 2693 attornati
845 2630 1004 2715 Episcopi
1027 2633 1305 2715 Dunholmensis,

155 2723 191 2784 et
212 2716 385 2802 petierunt
408 2735 482 2779 eum
507 2717 670 2800 tanquam
693 2715 862 2782 clericum.
907 2718 953 2782 Et
976 2717 1138 2786 liberatus
1163 2721 1233 2786 fuit
1256 2721 1306 2787 eis

155 2809 320 2889 tanquam
335 2802 487 2869 clericus.

220 2943 281 3007 lvo
296 2942 338 3005 de
353 2940 513 3004 Dunstan
530 2938 701 3005 subtraxit
717 2961 752 3004 se
776 2961 837 3025 pro
854 2940 1044 3026 suspicione
1059 2941 1256 3010 latroncinii
1272 2951 1307 3013 et

157 3027 404 3107 malcereditur,
421 3027 498 3092 ideo
510 3027 670 3110 exigatur
692 3031 728 3091 et
746 3027 928 3112 utlageter.
974 3028 1107 3096 Catulla
1127 3032 1202 3117 ejus
1225 3034 1306 3118 vjs',

158 3117 248 3182 unde
263 3115 447 3181 vicecomes
464 3114 676 3198 respondeat.

222 3255 369 3340 Hawysa
392 3251 434 3315 de
456 3250 646 3316 Falvvedon'
676 3252 860 3336 appellavit
879 3254 916 3317 in
947 3255 1113 3321 comitatu
1143 3257 1306 3326 Thomam
1365 3278 1383 3311 ’ν

157 3344 263 3409 filium
280 3338 422 3406 Patricii
445 3339 486 3403 de
509 3337 688 3404 Falwedon
711 3341 752 3404 de
774 3362 856 3424 rapo
879 3345 914 3408 et
936 3364 1018 3428 pace
1040 3344 1170 3408 domini
1190 3346 1307 3434 Regis,

158 3436 234 3512 etc,
251 3430 302 3494 ita
326 3427 416 3513 quod
441 3447 501 3512 per
523 3430 650 3490 sectam
676 3426 785 3512 ipsius
807 3428 962 3514 Hawysae
984 3430 1161 3516 utlagatus
1191 3438 1245 3499 est
1270 3436 1308 3500 in

158 3518 332 3585 comitatu.
378 3513 511 3579 Catella
526 3514 598 3597 ejus
614 3513 649 3577 ix
660 3514 697 3594 ε’,
716 3515 804 3579 unde
819 3517 1002 3584 vicecomes
1018 3521 1231 3604 respondeat.

222 3654 274 3718 De
295 3650 485 3731 indictatis,
499 3651 618 3716 dicunt
641 3652 730 3735 quod
754 3652 925 3721 Gilbertus
949 3655 1056 3720 Hund
1087 3657 1127 3724 de
1151 3659 1307 3746 Boymor,
1357 3674 1390 3704 ν

158 3741 324 3808 Ricardus
339 3737 465 3803 Homel
487 3738 528 3803 de
552 3736 757 3820 Charleton',
774 3740 964 3808 Willelmus
994 3743 1035 3810 de
1059 3744 1307 3832 Framlington‚

159 3829 310 3906 clericus,
325 3826 348 3890 J
350 3826 501 3890 ohannes
525 3824 615 3888 filius
632 3825 773 3891 Roberti
796 3829 837 3892 de
860 3828 1106 3914 Hertweyton',
1124 3833 1307 3918 Walterus,

158 3919 259 3983 homo
279 3911 444 3978 Willelmi
466 3912 508 3976 de
531 3912 629 3992 Rak’,
652 3913 784 3998 Egerus
807 3916 849 3980 de
871 3916 1061 3999 Kerstern'‚
1077 3922 1112 3984 et
1136 3919 1307 3989 Gilbertus

158 4004 274 4070 Cravve
290 4002 332 4066 de
347 3999 523 4065 Comitatu
534 3998 713 4081 Suffolciae,
727 4003 971 4069 subtraxerunt
986 4026 1022 4070 se
1036 4027 1099 4092 pro
1116 4008 1307 4093 suspicione

158 4088 340 4168 latrocinii,
362 4087 503 4152 roberiae
526 4090 752 4153 correctarum
775 4091 915 4176 Reginae
939 4091 1072 4173 Scotiae,
1092 4096 1127 4158 et
1149 4095 1308 4162 moleore-

193 4283 201 4315 ¹
219 4280 348 4345 Probably
366 4278 441 4342 Long
458 4278 612 4345 Houghton.
789 4281 799 4312 ⁴
816 4283 868 4334 For
880 4283 990 4346 11111111,
1009 4300 1025 4335 s
1043 4284 1154 4338 chemise
1170 4302 1199 4338 or
1214 4288 1308 4342 under·

192 4348 203 4380 ²
220 4347 320 4412 Supply
328 4348 428 4411 stacta.
754 4353 881 4418 germont,
893 4365 922 4402 or
934 4351 1194 4415 1111111111110111.

193 4415 204 4447 ³
222 4415 323 4479 Supply
332 4415 444 4478 stratis.
