2956 4988
318 468 433 513 asama
456 467 554 526 aona,
577 467 914 532 noarsumanssn,
937 450 980 514 53
1002 468 1085 516 m.
1107 471 1162 518 111.
1250 449 1314 516 lsa

226 622 349 687 Assisa
368 621 464 686 venit
486 622 703 706 recognitum
718 623 747 686 si
761 623 908 688 Thomas
922 624 965 690 de
980 623 1190 710 Ellyngton’,
1216 628 1316 710 pater

162 711 311 795 Agnetis
338 710 380 774 de
407 708 605 793 Ellyngton,
632 708 703 772 fuit
728 711 865 775 seisitus
889 711 925 774 in
949 711 1121 777 dominico
1139 734 1201 777 suo
1216 716 1257 775 ut
1271 712 1315 776 de

162 799 263 862 feodo
287 797 329 860 de
351 796 580 879 qnadraginta
595 802 631 859 et
645 817 764 861 novem
787 798 875 862 acris
889 805 988 863 terrae
1003 819 1079 863 cum
1095 798 1314 883 pertinentiis

163 885 196 947 in
222 882 433 968 Ellyngton’,
457 883 513 946 die
535 902 612 966 quc,
633 886 696 948 etc.
742 885 842 963 Etsi,
859 889 923 949 etc.
969 884 1062 965 Quas
1077 885 1228 966 Beatrix,
1243 885 1316 949 filia

162 971 306 1036 Roberti
331 969 484 1049 Bolnme,
509 969 622 1033 Hamo
644 971 686 1034 de
708 971 905 1056 Ellyugton’
922 977 957 1036 et
970 972 1092 1046 Alicia,
1118 994 1203 1038 uxor
1228 974 1313 1057 ejus,

163 1063 296 1135 tenent,
317 1057 376 1141 qui
401 1057 543 1120 veniunt
569 1063 603 1122 et
631 1057 751 1123 dicunt
773 1059 863 1141 quod
887 1059 996 1124 assisa
1017 1081 1086 1125 non
1110 1059 1211 1126 debet
1233 1059 1314 1126 inde

163 1145 249 1224 fieri,
275 1144 354 1228 quia
378 1144 498 1208 dicunt
522 1144 610 1227 quod
641 1145 803 1229 praedicta
833 1147 949 1231 Agnes
980 1145 1101 1211 habuit
1134 1146 1315 1229 quamdam

163 1253 324 1310 sororem,
340 1231 544 1296 Matillidem
568 1233 716 1313 nomine,
742 1233 784 1297 de
811 1255 876 1317 qua
902 1232 1008 1298 exivit
1024 1232 1164 1316 quidam
1183 1232 1315 1298 Willel-

163 1342 240 1385 mus
256 1319 298 1383 de
315 1319 523 1403 Ellyugton’,
545 1318 605 1402 qui
626 1319 737 1385 adhuc
760 1326 930 1403 superstes
945 1325 998 1386 est
1012 1328 1049 1386 et
1064 1320 1216 1404 inplens
1231 1319 1314 1400 vita,

164 1407 272 1490 etqui
287 1410 423 1470 tantum
436 1407 493 1489 jus
508 1406 611 1469 habet
625 1405 662 1469 iu
675 1407 838 1490 predicta
859 1413 952 1472 terra
970 1411 1137 1491 quantum
1152 1407 1315 1492 predicta

164 1495 292 1579 Agnes,
325 1494 458 1557 ratione
483 1493 652 1576 praedictae
677 1493 869 1572 Matillidis,
896 1495 1016 1559 matris
1040 1516 1117 1560 snae.
1163 1495 1209 1558 Et
1235 1495 1316 1578 quia

163 1585 281 1667 Agnes
298 1601 365 1644 uon
381 1582 496 1665 potest
512 1580 575 1643 hoc
590 1580 754 1660 dedicere,
771 1581 1019 1646 consideratum
1044 1586 1097 1646 est
1118 1582 1208 1665 quod
1232 1603 1314 1666 prae·

164 1669 258 1732 dicta
272 1667 413 1733 Beatrix
428 1672 462 1730 et
478 1666 537 1730 alii
552 1667 631 1730 inde
646 1667 719 1732 sine
741 1668 808 1747 die,
824 1673 860 1732 et
873 1669 990 1751 Agnes
1004 1667 1111 1734 nichil
1125 1668 1240 1754 capiat
1254 1689 1315 1753 per

164 1757 264 1821 breve
280 1755 385 1833 istud,
402 1759 454 1818 set
470 1754 517 1817 sit
530 1754 566 1816 in
583 1753 658 1818 mis'
674 1775 735 1839 pro
749 1755 838 1820 falso
852 1755 1008 1820 clamore.

231 1911 426 1995 Stephanus
453 1910 494 1973 de
517 1910 636 1974 Jarum
664 1910 818 1993 queritur
848 1911 937 1994 quod
970 1932 1046 1975 cum
1083 1909 1155 1995 ipse
1186 1911 1315 1975 dudum

164 1998 355 2066 exstitisset
369 1997 406 2061 in
421 1997 546 2064 seisina
562 1997 603 2061 de
619 1997 764 2082 triginta
780 1998 867 2061 acris
882 2001 980 2062 terrae
995 2019 1072 2063 cum
1095 1997 1313 2082 pertinentiis

164 2087 199 2150 in
232 2085 427 2169 Bamburg’‚
465 2106 526 2168 per
561 2083 809 2149 feofamentum
847 2084 1025 2169 cujusdam
1063 2083 1237 2169 Ingerami
1269 2085 1314 2167 de

165 2173 376 2251 Warnham,¹
398 2171 548 2255 quaedam
573 2171 655 2249 Eva,
680 2192 752 2255 quae
773 2171 843 2234 fuit
866 2193 950 2234 uxor
971 2171 1142 2237 Ambrosii
1157 2173 1199 2236 de
1214 2171 1314 2237 Bam·

164 2261 287 2346 burgh,
312 2261 348 2323 in
375 2258 531 2323 fraudem
557 2257 663 2344 ipsius
689 2258 854 2341 Stephani
878 2263 913 2322 et
946 2258 1178 2344 deceptionem
1212 2258 1314 2325 curiae

163 2349 276 2424 istius,
301 2345 527 2431 implacitavit
552 2345 750 2430 praedictum
774 2345 993 2430 Ingeramum
1019 2346 1061 2409 de
1087 2348 1189 2410 tertia
1215 2357 1313 2432 parte

163 2435 401 2520 praedictarum
417 2432 563 2517 triginta
579 2454 731 2497 acrarum
755 2437 853 2497 terrae
876 2454 952 2497 cum
968 2432 1197 2517 pertiuentiis,
1215 2437 1256 2497 ut
1271 2434 1313 2498 de

164 2524 243 2586 dote
259 2544 331 2601 sua,
348 2543 421 2605 quae
437 2541 510 2586 eam
527 2519 747 2604 contingebat
774 2520 815 2583 de
839 2520 927 2583 dono
951 2518 1105 2604 praedicti
1130 2521 1312 2601 Ambrosii,

163 2610 331 2693 quondam
360 2607 424 2671 viri
446 2606 510 2687 sui,
526 2629 566 2672 ac
582 2607 610 2670 si
626 2607 713 2671 idem
738 2605 938 2690 Ingeramus
961 2607 1151 2671 exstitisset
1167 2608 1203 2670 in
1219 2608 1313 2673 scisi-

163 2719 243 2762 nam
271 2697 311 2762 de
335 2695 497 2781 praedicta
520 2697 621 2758 terra.
667 2694 713 2757 ut
739 2693 896 2758 similiter
921 2694 1010 2757 idem
1037 2693 1249 2779 Ingeramus,
1276 2695 1313 2758 in

162 2784 319 2848 fraudem
345 2781 500 2867 praedicti
534 2781 699 2865 Stephani
723 2784 759 2844 et
792 2780 1025 2865 deceptionem
1064 2782 1166 2845 curiae
1198 2782 1311 2863 istius,

163 2871 318 2956 permisit
334 2891 370 2933 se
386 2867 592 2953 implacitari
614 2869 656 2931 de.
679 2867 782 2933 tertia
806 2871 903 2952 parte
919 2867 1088 2952 pradictus
1103 2872 1212 2949 terrae,
1229 2870 1313 2934 acsi

163 2960 235 3044 ipse
250 2958 438 3024 exstitisset
462 2955 498 3018 in
526 2955 652 3020 saisina
675 2955 716 3018 de
742 2955 903 3038 praedicta
918 2959 1020 3032 terra,
1044 2961 1080 3019 et
1105 2955 1213 3021 eidem
1233 2958 1312 3022 Evae

162 3045 311 3110 reddidit
337 3043 474 3111 tertiam
499 3048 631 3128 partem
655 3041 823 3126 praedictae
849 3049 957 3120 terrae,
983 3042 1072 3106 unde
1103 3041 1188 3107 dicit
1222 3045 1310 3128 quod

163 3132 389 3198 deterioratus
405 3137 457 3196 est
473 3135 508 3193 et
523 3130 706 3213 dampnum
729 3129 833 3192 habet
849 3130 891 3193 ad
908 3128 1090 3193 valentiam
1112 3129 1237 3214 viginti
1258 3132 1312 3212 m’,

163 3224 198 3284 et
211 3220 289 3284 inde
304 3218 460 3303 producit
476 3221 612 3282 sectam.
658 3215 704 3279 at
730 3215 931 3300 Ingeramus
957 3222 992 3280 et
1017 3216 1089 3280 Eva
1111 3218 1252 3282 veniunt
1277 3223 1313 3283 et

162 3307 352 3372 defendunt
389 3305 456 3368 vim
494 3308 529 3370 et
559 3303 732 3388 injuriam,
765 3303 911 3387 quand0,
943 3307 1007 3367 etc.
1054 3303 1099 3366 ut
1130 3303 1312 3388 pradictus

162 3395 362 3479 Ingeramus
387 3392 471 3456 bene
495 3390 650 3457 defendit
673 3391 759 3473 quod
787 3390 870 3473 ipse,
894 3389 930 3452 in
957 3389 1190 3474 deceptionem
1211 3391 1312 3456 curia

162 3483 273 3559 istius,
290 3501 358 3544 non
374 3478 529 3563 permisit
555 3477 664 3562 ipsum
693 3476 910 3561 implacitari,
926 3482 961 3540 et
977 3475 1135 3540 similiter
1149 3477 1312 3561 predicta

163 3570 234 3634 Eva
248 3569 331 3633 bene
347 3566 501 3632 defendit
517 3565 607 3648 quod
621 3564 694 3649 ipsa
710 3564 746 3626 in
763 3563 996 3648 deceptionem
1011 3563 1113 3628 curiae
1127 3563 1226 3629 istius
1242 3585 1311 3630 nou

162 3655 386 3740 implacitavit
400 3652 598 3738 praedictum
613 3651 830 3736 Ingeramum
848 3653 889 3715 de
905 3650 1010 3716 tertia
1024 3658 1120 3735 parte
1142 3651 1310 3736 praedictoe

161 3747 269 3821 terra,
295 3741 374 3827 quia
398 3740 579 3826 pradictus
606 3740 806 3824 Iugera-mus
833 3738 917 3802 dicit
944 3738 1034 3821 quod
1064 3737 1137 3822 ipse
1170 3738 1241 3802 fuit
1273 3739 1309 3803 in

162 3831 287 3896 seisina
308 3830 349 3893 de
372 3827 535 3913 praedicta
556 3836 649 3892 terra
669 3831 710 3889 ut
732 3826 773 3892 de
795 3825 907 3905 feodo,
923 3824 977 3888 die
993 3844 1059 3908 quo
1074 3825 1146 3910 ipse
1161 3825 1312 3892 reddidit

161 3918 239 3981 Evae
265 3915 401 3981 tertiam
427 3919 558 4000 partem
581 3913 749 3998 praedictae
775 3919 880 3977 terrae.
936 3911 981 3974 Et
1006 3911 1203 3996 Stephanus
1226 3913 1310 3978 dicit

161 4006 246 4090 quod
273 4005 344 4088 ipse
367 4003 437 4067 fuit
462 4002 497 4064 in
523 4000 648 4066 seisina
669 4001 710 4064 de
731 3999 892 4085 praedicta
907 4004 999 4063 terra
1013 3998 1049 4061 in
1065 3997 1233 4063 dominico
1249 4020 1311 4065 suo

158 4098 199 4156 ut
214 4093 255 4158 de
268 4092 379 4171 feodo,
396 4095 547 4174 tempore
564 4109 629 4172 quo
644 4088 824 4172 praedictus
840 4086 1042 4171 Ingeramus
1056 4085 1204 4151 reddidit
1226 4108 1309 4171 prae·

160 4180 256 4244 dictae
272 4179 350 4243 Evae
365 4177 500 4243 tertiam
518 4181 649 4260 partem
664 4174 832 4260 praedictae
848 4178 955 4238 terroe.
1000 4172 1047 4236 Et
1069 4173 1111 4236 de
1134 4172 1198 4238 hoc
1212 4174 1311 4257 ponit

159 4289 195 4333 se
211 4288 311 4351 super
325 4266 483 4350 patriam.
529 4264 575 4327 at
597 4262 797 4348 Ingeramus
820 4272 856 4324 et
877 4261 950 4323 Eva
972 4260 1091 4323 dicunt
1112 4258 1203 4342 quod
1224 4282 1309 4345 prae-

232 4457 239 4488 ¹
258 4456 419 4523 Ingelramus
429 4471 475 4506 son
486 4454 538 4506 aad
548 4451 605 4505 heir
615 4452 643 4503 oi
654 4451 764 4503 'ihomas
774 4453 807 4504 do
819 4448 989 4501 Warnetham
1006 4449 1077 4511 (cal.
1091 4450 1164 4515 Gra,
1175 4447 1193 4505 i.
1205 4454 1242 4514 5).
