2956 4988
278 441 391 486 sssrzn
413 443 510 503 noun,
535 443 872 502 nonunuunnnnsnm
896 422 937 485 53
961 443 1043 487 nnn.
1067 442 1123 486 111.
1213 420 1276 484 209

125 594 233 675 tedes,
250 595 388 676 scilicet,
407 596 599 664 willelmus
615 598 656 664 (16
676 597 897 684 Toggesden'‚
917 597 1027 661 Adam
1044 596 1085 661 (16
1100 594 1276 675 Ρ16666116,

126 681 236 747 Adsm
254 682 377 763 Gnlun,
394 688 428 749 et
444 685 616 750 lohannes
637 685 679 749 (16
701 685 901 770 Kerstyrne.
946 685 989 748 In
1003 682 1219 770 longitudine
1234 683 1276 747 (16

125 768 229 854 Blyth
245 771 316 834 sint
330 771 389 834 isti
405 772 571 852 custodes,
588 772 727 852 scilicet,
741 772 844 856 Hugo
859 771 891 836 le
906 772 1055 857 Vigurus
1072 774 1106 837 et
1123 771 1275 853 Rogerus

128 855 291 941 Skanfyn.
351 858 394 921 In
423 859 638 943 longitudine
663 860 704 924 (16
730 858 828 939 Aine,
856 859 994 939 scilicet,
1022 859 1063 924 de
1089 856 1276 922 Alnemuth

126 963 232 1028 usque
263 945 447 1030 Alnewyk',
479 947 550 1011 sint
578 947 638 1011 isti
665 947 832 1025 custodes,
860 947 999 1027 scilicet,
1020 944 1206 1009 Nicholnus
1234 944 1276 1008 (16
1399 944 1406 951 ”

126 1029 285 1116 Hunelryl
302 1037 336 1098 61
350 1032 372 1097 J
375 1032 526 1098 ohannes
543 1034 584 1099 (16
599 1033 796 1098 Alnemuth.
842 1033 886 1096 In
897 1033 1111 1183 longitudine
1124 1032 1166 1096 de
1181 1029 1277 1115 Tylle

126 1117 196 1181 sint
211 1117 270 1182 isti
286 1120 452 1200 custodes,
476 1120 614 1200 66111661,
639 1121 812 1185 lohannes
832 1121 873 1186 (16
887 1121 959 1187 Ben
975 1120 983 1150 ’
1000 1123 1036 1186 et
1049 1119 1218 1185 Robertus
1234 1118 1276 1182 (16

128 1203 246 1270 Forde.
306 1206 349 1269 In
374 1206 590 1292 longitudine
613 1207 656 1272 (16
683 1207 790 1273 Glene
813 1227 919 1291 usque
947 1206 1153 1272 Glenemuth
1176 1208 1212 1270 61
1236 1204 1278 1269 (16

126 1289 342 1358 Glenemuth'
364 1315 469 1378 usque
490 1295 533 1359 ad
555 1294 748 1361 libertatem
768 1295 810 1358 (16
825 1294 987 1374 Norhsm,
1004 1293 1074 1358 sint
1088 1292 1149 1357 isti
1164 1293 1276 1357 custo·

126 1378 195 1458 des,
218 1379 357 1459 scilicet,
381 1381 528 1448 Michsel
543 1382 585 1446 (16
600 1381 740 1468 Kyllum
755 1385 790 1445 61
806 1381 935 1446 Aluum
955 1381 997 1445 (16
1017 1379 1184 1444 Η611116Ρ.
1229 1379 1277 1442 Et

124 1485 240 1530 omnes
266 1467 325 1532 isti
351 1469 507 1535 custodes
532 1473 780 1534 sacromentum
796 1468 926 1534 facient
946 1488 1058 1533 corum
1079 1465 1275 1533 vicecomite

125 1554 215 1636 quod
239 1554 385 1618 fideliter
410 1560 445 1620 61
470 1555 655 1640 diligenter
676 1575 710 1620 66
731 1555 906 1621 habebunt
925 1554 962 1618 in
983 1554 1145 1639 praedictn
1164 1551 1275 1638 provi·

126 1640 220 1705 sione
250 1642 479 1707 custodienda.
541 1643 586 1707 Et
615 1643 645 1708 si
675 1643 798 1728 aliquis
830 1642 1067 1727 praedictorum
1096 1641 1277 1707 custodum

126 1727 259 1808 obierit,
286 1729 338 1792 vel
360 1730 517 1814 inpotens
542 1729 689 1815 corporis
708 1728 761 1794 sui
780 1729 852 1809 fist,
876 1729 929 1794 vel
944 1728 1115 1792 inutiliter
1128 1727 1166 1791 in
1182 1727 1277 1793 offico

125 1814 286 1899 praedicto
301 1837 336 1881 66
351 1817 505 1901 gesserit,
527 1822 562 1881 61
580 1838 681 1902 super
700 1817 764 1882 hoc
779 1816 954 1882 convictus
969 1816 1087 1895 fuerit,
1102 1814 1189 1879 nlius
1204 1814 1279 1880 loco

124 1901 231 1986 ipsius
260 1924 320 1987 per
349 1904 456 1968 socios
487 1925 564 1968 suos
595 1904 752 1989 eligutur,
784 1904 852 1987 qui,
880 1903 1034 1989 praestito
1064 1905 1276 1968 sacramento

125 2009 236 2054 corsm
262 1989 468 2071 vicecomite,
492 1990 564 2057 loco
587 1991 727 2057 alterius
750 1990 990 2055 substituetur.
1037 1989 1139 2054 Retia
1162 1991 1277 2054 autem

125 2082 160 2141 61
171 2076 309 2160 ingenia
318 2098 534 2162 quaecumque
545 2078 638 2141 infra,
648 2077 826 2163 praedictss
838 2098 943 2161 squas
955 2081 1073 2143 contra
1082 2076 1278 2161 prcsdictsm

125 2164 348 2247 provisionem
364 2165 503 2229 inventa
518 2165 659 2244 fuerint,
675 2184 788 2229 coram
808 2164 978 2249 praedictis
993 2163 1202 2242 custodibus,
1218 2161 1277 2246 qui

125 2270 165 2314 66
181 2252 342 2335 ceperint,
359 2252 599 2317 conburentur.

189 2338 235 2401 Et
259 2339 432 2405 sciendum
458 2340 548 2423 quod
574 2342 668 2404 totus
695 2336 878 2404 comitatus
906 2337 1080 2404 consensit
1106 2336 1144 2400 in
1172 2336 1278 2401 1616111

124 2424 350 2509 provisionem
365 2427 564 2491 duraturum
579 2447 685 2510 usque
700 2425 743 2490 sd
758 2426 951 2510 proximum
971 2426 1157 2489 adventum
1175 2423 1277 2508 J'usti-

125 2511 304 2577 cinniorum
321 2513 363 2577 ad
379 2513 493 2578 omnis
507 2513 634 2598 placito
648 2513 685 2576 in
699 2518 814 2597 partes
829 2513 924 2593 16166,
942 2511 993 2577 116
1008 2512 1097 2596 quod
1122 2510 1151 2575 si
1173 2510 1276 2575 comi·
1378 2584 1381 2591 ¹

125 2602 219 2664 16166
249 2600 376 2664 ndtunc
405 2602 441 2663 in
473 2600 567 2664 illam
604 2600 823 2680 consenserit,
853 2621 915 2684 per
950 2597 1160 2684 justiciarios
1198 2597 1275 2662 illos

124 2687 308 2752 affirmetur
322 2687 376 2753 vel
391 2688 589 2754 emendetur
602 2688 787 2752 secundum
808 2688 897 2771 quod
921 2688 962 2750 (16
987 2707 1155 2753 consensu
1175 2684 1277 2750 comi·

125 2777 220 2839 totus
237 2774 360 2839 viderit
375 2775 543 2861 expedire.

376 2963 525 3028 Pmcr'm
547 2963 660 3026 Bunsr
682 2983 728 3026 nn
751 2960 851 3026 Novo
877 2962 1020 3027 016166.

187 3100 357 3166 Robertus
387 3101 428 3167 ds
458 3100 676 3186 Merchynley
705 3103 741 3165 61
770 3099 933 3180 Huvvisin,
970 3119 1056 3164 uxor
1093 3098 1180 3183 ejus,
1216 3099 1274 3183 qui

124 3187 278 3252 tulerunt
293 3187 434 3253 assisam
450 3210 543 3255 novae
558 3186 744 3252 disseisinae
763 3208 879 3252 versus
902 3186 1086 3272 Hugonem
1110 3186 1151 3250 de
1174 3185 1274 3249 Pam-

123 3274 248 3359 puden'
275 3275 317 3340 de
342 3278 539 3341 tenemento
565 3275 602 3339 in
626 3274 722 3340 Novo
742 3273 873 3353 066116,
895 3294 966 3338 non
988 3276 1070 3338 sunt
1091 3272 1274 3358 prosecuti.

124 3361 207 3426 Ideo
217 3361 284 3446 ipsi
297 3367 332 3426 61
344 3361 447 3447 plegii
463 3362 515 3426 sui
531 3362 573 3428 (16
587 3361 820 3447 prosequendo
835 3361 872 3424 in
888 3360 974 3441 mis',
991 3360 1131 3440 scilicet,
1144 3358 1276 3425 Willel-

124 3470 198 3513 mus
228 3449 318 3513 filius
348 3449 529 3534 Reginsldi
559 3449 600 3513 (16
630 3449 727 3514 Novo
756 3447 877 3515 066116
906 3451 942 3514 61
973 3447 1150 3512 lohannes
1180 3446 1272 3512 filius

123 3536 303 3602 Johnnnis.

132 3732 133 3736 ¹
189 3709 373 3774 Nicholsus
396 3708 484 3774 filius
507 3707 682 3788 Willelmi,
706 3706 764 3791 qui
784 3705 866 3771 tulit
888 3706 988 3771 breve
1010 3705 1053 3769 (16
1075 3725 1137 3770 svo
1155 3725 1273 3770 versus

126 3797 335 3881 Stephanum
350 3797 392 3861 de
407 3795 609 3861 Blnlredenis
625 3795 666 3859 (16
680 3797 876 3860 tenemento
891 3792 926 3855 in
943 3792 1039 3859 Novo
1055 3791 1187 3872 066116,
1202 3812 1271 3856 non

125 3890 177 3950 est
191 3888 400 3969 prosecutus.
445 3883 527 3948 Ideo
554 3882 627 3967 ipse
655 3884 691 3946 et
715 3880 820 3965 plegii
846 3879 900 3944 sui
925 3881 966 3946 (16
989 3879 1221 3964 prosequendo
1236 3878 1274 3942 in

124 3971 210 4052 mis',
241 3971 381 4049 66111661,
412 3969 597 4035 Nicholaus
626 3969 668 4034 (16
697 3967 794 4032 Novo
824 3966 945 4032 066116
974 3970 1010 4030 61
1047 3965 1193 4031 Thomas
1231 3965 1273 4031 de

125 4059 263 4123 Hston'.

190 4213 372 4299 Margensia,
389 4234 462 4297 quae
476 4210 547 4275 init
562 4231 646 4274 uxor
661 4210 744 4274 Adae
759 4209 846 4294 Elgy
868 4209 909 4275 de
930 4208 1027 4273 Novo
1050 4206 1182 4287 066116,
1199 4228 1273 4291 quae

123 4299 207 4364 tulit
221 4300 319 4365 breve
334 4300 376 4364 (16
390 4299 469 4364 (1616
484 4319 599 4365 versus
621 4297 644 4362 J
646 4297 816 4361 ohunnenr
836 4297 878 4360 de
895 4295 1098 4380 Wychslurd
1120 4294 1161 4358 de
1176 4299 1272 4358 tene·

124 4391 238 4454 mento
253 4386 291 4451 in
305 4386 402 4453 Novo
417 4386 549 4466 066116,
564 4405 634 4450 non
648 4388 701 4452 661
714 4386 905 4470 prosecuto.
944 4382 1026 4447 Ideo
1035 4382 1155 4467 ipscet
1167 4380 1273 4467 plegii

1123 4488 1144 4534 1>
