2956 4988
296 475 410 522 sum
431 477 531 536 noni,
552 475 895 529 nonsummum,
915 453 961 518 5³
982 471 1067 517 m.
1089 469 1145 516 m,
1238 445 1303 511 197

148 629 411 696 manumissione
454 652 527 711 sm,
563 635 600 695 et
636 631 728 716 qnod
763 631 830 715 ipsi
865 626 1152 714 sdjudiosverunt
1187 621 1301 709 ipsum

148 716 309 798 predicto
329 718 491 798 ilenrico,
505 724 546 783 ut
562 718 728 782 vilhnum
749 739 860 797 suum,
875 737 917 782 eo
936 715 1029 801 qnod
1049 710 1156 779 nichil
1182 714 1300 776 osten·

150 802 304 871 debutde
318 806 584 870 manumissione
607 828 669 870 sna
691 811 727 872 et
749 807 799 870 sic
820 810 918 890 putet-
939 801 1055 887 qnod'
1101 797 1301 884 'superde-

149 888 279 955 ieotum
297 893 508 978 probationis
529 893 700 959 libertatis
721 893 829 977 ipsius
851 889 1001 957 Golfiidi
1018 890 1060 974 ju
1083 887 1186 953 'cium
1200 905 1301 950 suum

150 976 389 1060 fundaverunt,
405 981 448 1045 de
462 1001 529 1066 qus
550 981 751 1067 probatione
771 979 936 1064 mpiends
950 976 1080 1041 nullam
1106 974 1302 1039 hsbueuunt

150 1069 364 1237 minem,
390 1074 426 1133 et
448 1069 553 1132 etism
576 1070 656 1153 qu'm
679 1073 777 1153 petet
798 1088 860 1152 per
879 1067 1001 1166 dutum
1028 1063 1141 1164 hienis
1170 1057 1301 1125 domini

150 1150 1301 1327 pmmnffqfflffimffidiudpldgmznimiepilffitdeffi

151 1325 221 1393 dies
235 1335 316 1392 ante
329 1331 645 1414 pronuntiationem
662 1330 818 1415 predicti
831 1327 964 1414 judicii,
980 1325 1231 1391 oonsiderotum
1246 1323 1301 1387 est

151 1414 239 1496 quod
270 1417 452 1500 pmdictus
476 1418 660 1484 eomitatus
685 1417 813 1480 falsum
837 1415 923 1479 fecit
944 1411 1124 1499 judicium,
1146 1416 1183 1475 et
1208 1407 1300 1492 quod

150 1502 329 1584 predictus
353 1504 529 1569 Gnlfridus
544 1505 591 1569 sit
615 1505 652 1567 in
667 1504 785 1568 eodem
801 1508 897 1567 statu
912 1502 949 1565 in
974 1520 1040 1585 quo
1054 1499 1124 1563 fuit
1147 1504 1301 1581 tempore

151 1608 217 1670 quo
238 1591 438 1674 pnodictum
461 1592 630 1676 judicium
645 1591 778 1656 fuctum
789 1590 871 1669 tuit,
887 1595 923 1653 et
946 1592 1041 1652 totus
1056 1585 1242 1650 oomitstus
1264 1581 1302 1646 iu

151 1674 235 1739 mis’.
280 1677 326 1741 Et
355 1679 536 1762 pmdiotus
567 1679 745 1744 Guliridus
775 1677 938 1744 rehubeot
968 1673 1094 1739 catullo
1124 1693 1196 1750 sun,
1226 1690 1301 1755 quoi

151 1763 310 1846 pnedioto
319 1765 470 1831 Henrioo
479 1788 541 1851 per
548 1766 749 1851 piaedietum
759 1765 929 1850 judicium
939 1761 1140 1847 odjudiootu
1148 1759 1302 1823 fuerunt

214 1919 331 1983 Assisa
356 1919 449 1984 venit
474 1921 693 2005 recognitmn
719 1922 749 1984 si
773 1919 949 1985 Gilbertus
973 1916 1064 1980 filius
1090 1913 1233 1980 Gerordi
1259 1912 1302 1980 de

151 2003 300 2085 Dalton',
315 2012 413 2090 poter
423 2008 445 2071 J
447 2008 592 2072 ohannis
607 2008 670 2071 fflii
682 2006 839 2086 Gilberti,
850 2006 921 2069 fuit
932 2004 1070 2069 seisitus
1081 2002 1117 2065 in
1132 2000 1302 2066 dominico

151 2111 212 2155 suo
231 2095 294 2171 ut‚¹
303 2094 346 2157 de
360 2094 538 2158 duodecim
553 2097 641 2160 ueris
656 2100 756 2159 terne
771 2116 848 2159 cum
863 2090 1083 2178 pertinentiis
1098 2089 1134 2153 in
1151 2087 1303 2168 Dslton’,

150 2177 296 2262 dieque,
316 2186 381 2246 eto.
426 2182 528 2261 Etsi,
543 2188 609 2247 ete.
654 2182 764 2262 Quom
778 2186 904 2246 terram
921 2177 1113 2243 Willelmus
1128 2174 1246 2261 Cobyu
1261 2175 1303 2240 de

149 2264 288 2329 Dnlton’
312 2273 347 2333 et
370 2269 496 2353 Agnes,
521 2290 607 2333 uxor
629 2271 713 2354 ejus,
739 2272 870 2347 tenent,
896 2267 953 2351 qui
976 2264 1121 2329 veniunt
1138 2266 1174 2327 et
1194 2259 1302 2326 nichil

149 2351 268 2416 dicunt
283 2376 385 2437 quare
401 2357 508 2420 assisa
527 2360 713 2436 remanent,
735 2356 803 2420 nisi
823 2359 960 2419 tontum
974 2351 1064 2437 qnod
1079 2351 1197 2416 dieunt
1213 2347 1303 2433 quod

149 2440 328 2522 prodictus
355 2441 540 2524 Gilbertus,
565 2444 607 2508 de
631 2445 727 2528 eujus
750 2447 870 2521 morte,
895 2446 971 2520 eto,
996 2459 1065 2503 non
1080 2437 1151 2502 fuit
1166 2435 1303 2501 seisitus

147 2526 189 2589 de
213 2529 383 2611 praediotis
406 2531 622 2611 tenementis,
647 2531 703 2595 die
726 2551 793 2614 quo
819 2529 915 2594 obiit.
961 2526 1091 2591 Dicunt
1105 2523 1197 2589 enim
1212 2522 1302 2607 quod

146 2613 236 2678 idem
264 2614 448 2696 (tilbertus,
479 2638 539 2702 per
569 2618 708 2703 longum
736 2621 872 2702 tempus
902 2619 983 2681 aute
1017 2615 1162 2677 mortem
1192 2630 1301 2691 susm,

145 2698 291 2766 feoiovit
305 2704 501 2787 predictum
516 2705 686 2790 Agnetem
696 2704 737 2769 de
758 2703 921 2788 praedioto
935 2706 1029 2767 term
1043 2703 1079 2766 et
1094 2699 1204 2783 ipsum
1220 2697 1301 2765 inde

145 2784 1301 2962 tattttttip⁰⁸tt0iti⁰ttPttssgttsutttttt

145 2960 187 3026 de
212 2962 361 3044 uoton’,
386 2900 484 3049 pidr
509 2927 678 3030 Johanni
714 2965 777 3028 fini
809 2962 954 3030 osberti
980 2961 1023 3026 <10
1049 2959 1200 3039 notos,
1231 2958 1302 3023 fuit

146 3048 282 3113 seisitus
298 3051 335 3113 in
351 3051 520 3117 dominico
536 3073 598 3116 suo
614 3056 653 3117 ut
668 3053 710 3117 de
725 3051 838 3131 feodo,
853 3052 896 3114 de
915 3048 1047 3114 duobus
1064 3045 1249 3131 mesungiis
1265 3048 1302 3111 et

145 3134 260 3202 deoem
275 3139 363 3202 soris
378 3143 476 3203 terrae
492 3159 568 3203 oum
582 3139 801 3224 pertiuentiis
823 3140 860 3201 in
881 3135 1136 3213 Stonfordhnm,
1152 3132 1208 3198 die
1224 3152 1300 3217 que,

147 3232 210 3288 ete.
256 3224 302 3287 Et
322 3225 362 3305 si,
388 3228 451 3289 eto.
497 3226 579 3306 Quae
601 3225 794 3291 Willelmus
816 3225 907 3289 filius
931 3221 1076 3289 Gilberti
1100 3220 1141 3285 de
1161 3218 1301 3285 Dalton'

145 3313 252 3389 tenet,
279 3312 336 3395 qui
361 3313 455 3376 venit
480 3317 515 3377 et
539 3312 645 3377 nichil
668 3312 753 3378 dicit
775 3332 879 3396 quare
901 3310 1009 3375 assisa
1031 3311 1216 3386 remaneat,
1233 3305 1301 3372 nisi

145 3400 281 3461 tontum
306 3400 395 3482 quod
418 3399 614 3484 dicitquod
637 3420 705 3464 non
727 3403 824 3464 tenet
846 3396 1042 3483 praedictum
1067 3398 1300 3461 tenementum

146 3484 902 3657 tssztutttffltsttttdttitt}
917 3481 1300 3654 mitigit&

146 3656 313 3723 Praeterea
328 3659 413 3724 dicit
427 3661 517 3744 quod
528 3597 709 3745 ξτωᾱίοωε
722 3660 906 3739 Gilbertus,
920 3658 962 3725 de
974 3656 1072 3741 eujus
1088 3646 1207 3736 morte,
1222 3657 1300 3736 eto,

146 3765 214 3808 non
239 3745 309 3809 fuit
334 3746 469 3812 seisitus
496 3748 538 3812 de
561 3747 732 3832 predictis
757 3745 964 3813 tenementis
983 3749 1022 3809 ut
1044 3742 1087 3808 de
1108 3742 1221 3822 feodo,
1245 3740 1300 3808 die

146 3852 212 3914 quo
227 3833 323 3912 obiit,
339 3834 424 3898 dicit
438 3834 528 3898 enim
541 3834 631 3918 quod
643 3835 733 3900 idem
746 3834 919 3899 Gilbertus
958 3853 995 3897 er
1006 3830 1153 3894 multum
1164 3831 1299 3915 tempus

146 3922 227 3983 onte
249 3924 392 3984 mortem
416 3942 511 3986 suum
533 3921 681 3986 feofavit
703 3921 814 4005 ipsum
837 3920 941 3985 Wille
991 3939 1047 3982 um
1073 3917 1114 3982 de
1152 3914 1299 3982 raedietis

145 4007 359 4072 tenementis.
404 4009 451 4072 Et
475 4009 516 4071 de
540 4008 605 4073 hoo
628 4008 726 4093 ponit
751 4029 786 4074 se
811 4027 911 4092 super
924 4005 1077 4071 assisam.
1122 3937 1299 4070 durotores

145 4091 266 4158 dieunt
289 4115 388 4178 super
404 4099 654 4160 sacromentum
677 4115 775 4159 suum
798 4095 889 4179 quod
912 4092 1094 4178 praedictus
1113 4088 1301 4170 Gilbertus,

145 4179 187 4244 de
203 4181 298 4264 eujus
313 4185 431 4260 morte,
456 4186 533 4261 eto„
554 4181 709 4246 nonfuit
724 4182 860 4246 seisitus
881 4181 922 4246 de
937 4177 1107 4264 predictis
1123 4176 1300 4243 duodecim

144 4266 232 4331 noris
248 4272 346 4333 terrae
361 4290 439 4334 oum
453 4268 669 4353 pertinentiis
682 4269 718 4331 in
732 4268 883 4333 Dalton'.
921 4268 979 4348 Et,
995 4264 1106 4352 quood
1117 4264 1300 4330 seeundum

143 4352 299 4435 assisam,
316 4355 436 4420 dicunt
458 4356 548 4440 quod
567 4355 748 4442 praediotus
764 4355 956 4422 Willelmus
972 4375 1042 4420 nou
1057 4353 1153 4419 tenet
1168 4349 1301 4439 integre

311 4491 319 4524 ¹
332 4493 430 4560 Supply
443 4496 565 4560 deseodo.
875 4490 886 4523 ¹
897 4491 996 4558 Supply
1008 4495 1133 4542 achinam.
