2956 4988
297 443 411 488 asnaa
434 442 533 503 aona,
556 442 891 504 nonravuaanmnu,
914 423 958 487 40
980 441 1063 488 aar.
1086 442 1140 486 111.
1230 417 1292 485 12⁷

212 598 265 662 De
289 597 439 678 defaltis,
455 597 576 662 dicunt
601 598 691 681 quod
713 597 835 663 Petrus
851 597 892 663 de
914 597 1025 663 Morte
1041 596 1146 676 Porti,
1163 594 1293 660 Willel-

146 707 221 750 mus
251 686 292 751 de
323 685 486 765 Redham,
519 684 694 750 Galfridus
721 684 811 748 tilius
838 684 972 770 Wyday
1002 685 1044 748 de
1075 683 1291 763 Middelton',

145 773 322 837 Johannes
346 772 388 837 de
413 771 618 851 Fauledone,
645 772 816 837 Robertus
846 773 887 838 de
917 771 1092 836 Wolloure
1122 771 1159 834 in
1195 769 1295 850 Rok’,

146 859 314 924 Ricardus
329 859 371 923 de
386 859 589 944 Watvvcng',
608 858 781 924 Gilbertus
796 859 838 922 de
860 859 883 923 J
884 860 1052 940 oneston',
1067 859 1090 923 J
1090 859 1241 923 ohannes
1263 855 1295 922 11

146 946 276 1011 Bursur
291 947 332 1011 de
354 947 543 1025 Donestan,
558 946 670 1010 Adam
694 945 786 1026 Scot,
809 946 1043 1031 Rannulphus
1062 945 1152 1009 filius
1169 943 1294 1030 Lyolf',

148 1033 335 1099 Nicholaus
351 1033 495 1098 Ptemari
512 1033 553 1097 de
568 1032 766 1113 Lssleburn',
783 1033 952 1098 Robertus
968 1034 1009 1099 de
1026 1032 1183 1111 Shotton,
1199 1031 1296 1096 Eudo

147 1121 190 1186 de
216 1120 412 1199 Bedenhal',
436 1120 553 1184 Simon
569 1121 610 1184 de
628 1120 818 1204 Langeton'
834 1119 871 1182 in
888 1118 1054 1200 Glandal'‚
1070 1119 1238 1185 Robertus
1254 1119 1296 1182 11

146 1207 182 1271 la
197 1207 306 1286 Ferte,
319 1207 487 1273 Robertus
503 1207 544 1271 de
570 1208 652 1287 Ros,
669 1211 703 1273 11
726 1207 749 1271 J
750 1228 907 1272 ermanus
922 1208 964 1271 de
988 1205 1200 1273 Brokesfeud
1227 1226 1297 1271 non

147 1300 315 1359 venerunt
329 1294 438 1380 primo
454 1294 519 1375 die,
537 1293 612 1361 ideo
628 1295 663 1358 in
680 1294 766 1360 mis'.

214 1441 266 1505 De
303 1439 517 1506 evasionibus
553 1439 735 1519 latronum,
773 1438 892 1505 dicunt
929 1439 1018 1523 quod
1054 1439 1165 1503 Adam
1207 1438 1297 1504 filius

149 1526 314 1594 Willelmi
338 1527 442 1627 ssrug'
467 1526 637 1627 subtraxit
663 1546 698 1627 se
723 1547 784 1611 pro
808 1528 951 1645 quadam
967 1546 1076 1627 ⁸vacca
1104 1525 1231 1628 furata,
1262 1531 1298 1591 11

149 1612 854 1785 1111111111111111
880 1614 943 1786 pli
965 1613 1132 1767 liiii?
1133 1615 1298 1785 ὴ11ῗέ11

151 1789 240 1854 vm'.
293 1787 423 1852 Dicunt
462 1787 567 1852 etiam
608 1788 697 1871 quod
735 1788 889 1872 Rogerus
927 1787 1016 1852 filius
1054 1787 1219 1852 Willelmi
1256 1788 1298 1854 de

153 1875 390 1941 Scranenwud'
408 1874 577 1939 subtraxit
592 1895 628 1939 se
642 1895 703 1959 pro
730 1875 922 1959 suspicione
938 1876 1057 1939 mortis
1073 1874 1234 1939 Willelmi
1256 1876 1298 1941 de

153 1962 333 2027 Chenhull.
366 1963 412 2026 Et
421 1961 501 2046 quia
511 1961 629 2027 villata
644 1962 686 2026 de
698 1960 877 2026 Ohenhull’
889 1983 958 2026 non
970 1962 1059 2047 cepit
1074 1962 1196 2049 ipsum,
1209 1962 1298 2027 idem

152 2049 334 2115 vicecomes
361 2049 450 2132 cepit
468 2049 510 2113 de
533 2049 650 2113 eadem
674 2048 792 2112 villeta
814 2049 848 2134 vj
859 2048 903 2112 m'
929 2069 990 2134 pro
1016 2049 1297 2134 transgressione.

152 2137 199 2200 Et
211 2135 386 2202 Galiridus
398 2135 429 2201 le
439 2136 569 2200 Messer
581 2137 622 2200 de
632 2135 804 2199 Brandon'
815 2141 934 2220 captus
942 2135 1012 2200 fuit
1021 2140 1057 2201 et
1067 2136 1298 2221 inprisonatus

152 2223 189 2287 in
212 2223 293 2287 villa
316 2223 358 2287 de
372 2222 684 2304 Northmiddelt0n‚
710 2226 745 2286 et
771 2222 889 2302 evasit,
906 2225 941 2289 et
955 2223 1073 2288 villata
1096 2223 1207 2288 finivit
1222 2245 1298 2289 cum

152 2308 348 2376 vicecomite
377 2331 437 2394 per
460 2309 506 2394 vij
517 2311 571 2373 m’.
617 2310 663 2374 Et
693 2309 893 2394 Radulphns
924 2310 1015 2374 filius
1052 2310 1180 2375 Dolfini
1209 2311 1300 2396 cepit

153 2397 320 2481 quendam
331 2416 512 2482 pauperem
523 2395 580 2480 qui
591 2396 727 2461 iuratus
736 2396 806 2461 fuit
816 2418 923 2462 unum
934 2397 1129 2478 linteamen,
1142 2400 1177 2464 et
1188 2397 1300 2484 ipsum

153 2483 341 2551 verberavit
357 2488 392 2550 et
400 2483 555 2599 permisit
569 2485 785 2568 postmodum
794 2484 896 2565 abire,
910 2487 946 2548 et
960 2485 1143 2551 vicecomes
1159 2486 1248 2602 cepit
1257 2487 1300 2552 ab

153 2571 404 2742 111111ῗὲ
405 2570 978 2740 111111113ἒὲῗῖέῖώέᾓὲ
990 2572 1197 2745 1111131
1211 2573 1300 2726 5111

153 2764 309 2810 comesa
337 2744 499 2829 praedicta
527 2743 646 2809 villata
669 2745 709 2810 de
740 2744 889 2810 Denton'
919 2745 978 2832 viij
989 2748 1044 2811 m'.
1100 2746 1183 2814 Ideo
1219 2747 1300 2813 inde

151 2830 367 2916 loquendum.

219 3002 270 3069 De
285 3022 411 3067 wrecco
427 3001 541 3081 maris,
558 3001 677 3066 dicunt
692 3003 782 3085 qnod
793 3001 932 3086 quidam
942 3002 1088 3067 batellus
1102 3003 1247 3069 Abbatis
1259 3005 1300 3070 de

88 3126 89 3130 =
156 3087 326 3156 Chathoul
347 3088 530 3173 applicavit
553 3088 655 3173 juxta
678 3089 905 3175 Beaumbmg,
926 3090 962 3153 in
982 3111 1047 3174 quo
1065 3091 1179 3155 nullus
1200 3092 1301 3158 homo

155 3178 315 3243 inventus
336 3176 417 3256 fuit,
443 3180 495 3242 set
526 3176 567 3239 de
597 3196 637 3240 eo
669 3196 785 3241 omnes
820 3178 1084 3242 submerserunt.
1143 3179 1300 3245 Precium

156 3263 273 3330 butelli
288 3285 356 3328 xxx
368 3264 406 3343 ε’,
422 3264 512 3328 unde
528 3262 712 3329 vicecomes
726 3265 942 3349 respondeat.

219 3429 242 3493 J
242 3431 395 3494 uratores
406 3430 616 3514 praesentant
627 3428 717 3512 qnod
727 3428 919 3495 Willelmus
931 3429 972 3494 de
987 3429 1058 3494 Ros
1068 3433 1163 3496 tenet
1174 3432 1300 3496 terram

157 3537 252 3581 suam
274 3516 311 3579 in
336 3516 501 3581 comitatu
515 3515 582 3580 isto
609 3516 646 3578 in
671 3516 781 3616 capite
797 3517 839 3580 de
865 3516 1001 3581 domino
1025 3518 1130 3602 Rege,
1147 3522 1182 3581 et
1201 3518 1301 3584 debet

155 3602 305 3668 invenire
330 3603 549 3670 senescallum
576 3604 613 3666 in
639 3605 804 3668 com1tatu
827 3602 905 3682 isto,
932 3606 969 3669 et
998 3624 1066 3669 non
1101 3605 1200 3685 facit,
1224 3605 1300 3672 ideo

154 3689 371 3774 loquendum.

221 3844 273 3908 De
288 3843 356 3907 hiis
371 3843 430 3927 qui
446 3863 512 3908 non
530 3843 735 3929 permittunt
745 3843 886 3909 ballivos
902 3844 1031 3909 domini
1054 3845 1158 3930 Regis
1173 3846 1301 3913 intrare

157 3930 193 3994 in
209 3934 317 3996 terras
340 3951 418 3995 suas
434 3932 477 3995 ad
493 3930 786 3996 summoniendum
802 3934 836 3997 et
851 3930 1080 3999 districtiones
1095 3934 1301 4016 faciendum,

158 4017 277 4082 dicunt
292 4016 382 4101 quod
403 4017 520 4082 ballivi
543 4017 707 4084 Willelmi
723 4018 764 4082 de
788 4018 953 4083 Valencia
968 4023 1002 4085 et
1025 4019 1183 4098 Galfridi,
1200 4021 1302 4087 fratri

158 4104 222 4185 sui,
237 4125 306 4168 non
329 4103 534 4189 permittunt
549 4104 690 4170 ballivos
714 4105 843 4170 domini
864 4106 969 4190 Regis
991 4106 1119 4171 intrare
1141 4107 1177 4171 in
1193 4111 1301 4174 terras

157 4212 246 4271 suas,
270 4192 372 4255 immo
396 4211 569 4256 recussum
592 4190 749 4259 fecerunt
773 4193 814 4257 de
840 4192 961 4258 averiis
985 4193 1055 4258 suis
1081 4194 1189 4280 captis
1211 4196 1302 4281 apud

159 4277 342 4347 Levermue
357 4297 419 4364 pro
435 4278 550 4343 debito
566 4278 694 4344 domini
705 4278 821 4365 Regis,
837 4280 912 4346 ideo
927 4280 1007 4348 inde
1022 4281 1236 4368 loquendum.

673 4449 680 4484 ¹
698 4448 785 4504 Kolsa.
