2956 4988
305 500 419 546 sssrza
440 500 901 563 aom‚roarrrmmram1vo,
926 479 945 546 7
967 500 1056 548 arvv.
1079 501 1103 548 1.
1215 477 1276 544 341

126 651 220 718 dedit
236 654 267 720 ei
281 654 460 740 praedictas
476 656 560 722 duas
574 657 630 738 m',
643 660 678 722 et
691 656 781 741 quod
795 656 847 723 ita
862 656 908 723 sit
923 654 1011 741 petit
1021 654 1110 741 quod
1124 653 1276 739 inquira-

125 743 183 804 m
202 761 263 826 ‘'⁰‘'
277 742 1280 897 Pallaitaiellssllulltilllllllual‘ivllitltlfflltl

126 848 235 981 ilitillils
246 848 335 982 ills
349 852 393 981 rll’
408 937 470 1003 per
493 918 541 984 sic
556 853 651 1003 quorl
671 928 759 985 esset
782 854 986 984 depconsilio
1002 937 1063 983 suo
1078 852 1275 1002 11111ἕῶ9-

124 1005 198 1067 tum
215 1007 278 1087 est,
295 1007 331 1070 et
345 1024 414 1070 non
428 1025 490 1090 pro
505 1005 623 1089 officio,
638 1007 714 1088 etc,
730 1005 807 1073 ideo
822 1006 902 1073 inde
917 1005 1064 1092 quietus.

210 1236 302 1305 Puta
325 1260 511 1307 cammarus
533 1262 633 1307 orm
655 1241 772 1309 Com
793 1263 897 1308 vam
918 1263 985 1308 Pala
1007 1260 1194 1308 Duomrcnr.

189 1384 347 1467 Thomas,
376 1387 578 1473 praepositus
601 1387 644 1453 (19
669 1388 930 1475 Blenkenshope
957 1386 1071 1454 volens
1096 1386 1273 1472 percutere
1337 1374 1386 1433 s

124 1471 317 1553 Mariotam,
347 1473 453 1538 filiam
482 1475 575 1557 Adae,
607 1476 648 1542 de
678 1497 744 1560 qua
775 1476 896 1562 genuit
921 1474 1091 1561 quendam
1119 1493 1273 1559 puerum,

125 1560 333 1625 Willelmum
347 1561 495 1643 nomine,
514 1562 627 1627 atatis
646 1583 767 1630 novem
793 1563 1070 1649 septimanarum,
1108 1582 1185 1627 uem
1199 1559 1275 1645 ipsa

124 1647 238 1712 tenuit
260 1647 351 1712 inter
374 1649 513 1714 brachia
543 1670 615 1730 sua,
639 1650 807 1736 percussit
832 1650 961 1715 dictum
987 1648 1089 1714 Wille
1139 1669 1194 1712 um
1214 1667 1275 1732 per

125 1732 362 1815 infortunium,
385 1736 435 1800 ita
456 1735 545 1820 quod
570 1736 665 1802 obiit.
711 1738 757 1801 Et
780 1737 961 1823 praedictus
984 1737 1130 1801 Thomas
1155 1733 1275 1799 statim

122 1821 217 1905 fugit
232 1825 267 1887 et
281 1843 351 1887 non
366 1822 614 1904 malecreditur,
626 1824 703 1891 ideo
717 1824 835 1890 redeat
850 1825 879 1890 si
895 1824 1049 1903 voluerit,
1073 1824 1126 1889 set
1148 1820 1274 1887 catalla

124 1908 352 1975 confiscantur
369 1910 539 1996 profuga.
585 1908 1273 1998 (19191199111111111111131111191199-
1367 1981 1371 1988 ,

124 2016 234 2061 comes
248 1997 462 2081 respondeat.
507 1997 632 2064 Postea
646 1998 742 2064 venit
764 2000 912 2064 Thomas
932 1999 974 2064 de
997 1996 1223 2081 Blenkensop'
1238 1998 1274 2061 et

123 2083 224 2147 finem
250 2083 335 2150 fecit
360 2105 421 2169 pro
445 2085 606 2170 praedicto
632 2087 764 2152 Thoma
785 2086 966 2172 praeposito
992 2106 1053 2171 per
1077 2083 1159 2165 xla',
1182 2082 1274 2149 unde

122 2169 212 2234 idem
227 2171 374 2237 Thomas
389 2172 606 2257 respondeat.

187 2342 239 2408 oe
254 2343 372 2410 eodem
386 2342 1274 2428 1991911991111111911911111111,
1305 2328 1364 2411 s

123 2429 279 2495 decollati
294 2430 330 2515 iij
344 2431 370 2494 e'
385 2430 421 2494 ix
430 2431 474 2496 cl’.
519 2431 572 2496 De
587 2432 704 2499 eodem
719 2431 917 2498 vicecomite
932 2431 974 2496 (19
989 2429 1120 2496 catallis
1136 2429 1274 2497 Ricardi

122 2515 154 2581 le
174 2516 235 2597 Cu,
256 2517 411 2597 latronis,
428 2517 597 2600 decollati,
612 2518 667 2583 ve'
683 2519 775 2602 vjcl’.
820 2519 872 2585 De
888 2518 1005 2585 eodem
1019 2518 1216 2586 vicecomite
1231 2518 1273 2585 dc

123 2604 255 2669 catallis
283 2604 420 2670 Ricardi
440 2605 503 2669 filii
528 2604 701 2687 Gilemini,
727 2605 882 2688 latronis,
903 2605 1016 2685 occisi,
1042 2604 1112 2669 ixs’
1126 2605 1151 2690 ij
1164 2606 1197 2668 ‹i'
1214 2606 1273 2672 ot’.

122 2690 173 2756 De
189 2691 306 2755 eodem
321 2692 516 2758 vicecomite
534 2693 575 2758 de
591 2692 723 2759 catallis
738 2693 876 2759 Thomoe
898 2692 1102 2778 Kippingh’,
1117 2692 1273 2775 latronis,

122 2777 290 2859 decollati,
307 2783 408 2843 mo)
439 2779 513 2845 vd'.
558 2781 605 2845 Et
620 2779 744 2845 villata
767 2781 808 2846 de
836 2780 1090 2864 Blenkenshop,
1122 2779 1273 2861 Widen',

122 2865 283 2953 Langley,
308 2865 523 2946 Fourstanes‚
549 2867 825 2953 Thokirington',
852 2872 887 2933 et
910 2867 1169 3017 Whelpingon'
1185 2867 1274 2932 falso

123 2954 400 3037 appreciaverunt
429 2954 590 3039 praedicta
614 2955 748 3034 catalla,
773 2955 849 3020 ideo
873 2955 909 3018 in
935 2954 1022 3018 mis’.
1112 2974 1131 3018 e
1157 2953 1275 3022 eodem

121 3039 316 3105 vicecomite
340 3040 381 3106 de
408 3041 539 3106 catallis
567 3042 742 3126 cujusdam
768 3042 913 3106 latronis
939 3040 1074 3126 ingnoti
1090 3040 1113 3125 ij
1130 3040 1175 3105 (1’.
1221 3041 1274 3108 Ι)9

121 3127 238 3191 eodem
253 3126 447 3193 vicecomite
463 3128 504 3195 (19
519 3128 651 3195 catallis
666 3128 833 3194 Willelmi
848 3128 981 3210 Russel,
999 3127 1175 3193 dimidiam
1190 3129 1245 3192 m'.

185 3296 237 3362 De
259 3297 445 3378 indictatis,
462 3304 537 3379 etc,
554 3299 673 3365 dicunt
690 3300 778 3384 quod
793 3299 904 3363 Adam
928 3297 1063 3378 Russel,
1079 3296 1273 3363 Willelmus
1326 3362 1343 3391 ν

120 3383 229 3462 Batis,
245 3387 281 3449 et
296 3384 462 3449 Ricardus
485 3387 616 3453 Messor
638 3387 680 3452 (19
702 3386 811 3452 Parva
834 3385 950 3465 Herle,
967 3389 1002 3453 et
1016 3385 1091 3450 Eda
1106 3384 1221 3465 Cuter,
1238 3388 1274 3451 et

121 3469 303 3551 Cristiana,
318 3492 403 3536 uxor
418 3472 561 3540 Roberti
575 3473 617 3538 de
632 3473 786 3554 Halton',
802 3474 1046 3541 subtraxerunt
1062 3491 1098 3538 se
1120 3474 1155 3538 et
1169 3471 1272 3537 male-

121 3557 304 3623 creduntur
319 3558 360 3624 de
375 3558 530 3644 pluribus
557 3560 758 3642 latrociniis,
774 3561 851 3626 ideo
866 3561 1050 3646 exigantur
1065 3562 1101 3626 91
1116 3558 1273 3644 utlagcn-

120 3647 178 3708 tur
203 3650 239 3711 et
269 3649 463 3731 vayventur.
508 3646 643 3713 Catella
671 3648 755 3714 Adae
780 3649 853 3733 xxvj
866 3648 905 3713 ε’.
947 3645 1083 3712 Catella
1108 3644 1273 3711 Willclmi

119 3731 158 3816 iij
172 3732 197 3794 a'
212 3754 234 3796 v
243 3733 287 3798 cl'.
332 3732 466 3799 Catalla
475 3734 629 3819 praedicti
644 3735 786 3801 Ricardi
801 3735 865 3820 xxij
876 3737 903 3798 ε’
918 3733 976 3819 viij
989 3734 1021 3798 d'
1035 3733 1093 3800 ob'.
1139 3732 1274 3799 Catella

118 3819 287 3904 praedictae
301 3819 436 3887 Edithae
450 3821 484 3908 xj
499 3821 543 3888 d’.

183 3982 294 4047 raam
324 3982 664 4069 caponariam
701 3983 879 4050 eeclesiam
909 3983 951 4049 (10
980 3981 1205 4067 whelpinton
1238 3983 1275 4047 a
1306 3939 1371 4069 χ’

118 4070 278 4154 cognovit
292 4091 328 4135 sc
343 4091 415 4137 esse
433 4070 611 4151 latronem,
627 4074 662 4138 et
682 4071 857 4157 abjuravit
887 4092 1031 4156 regnum
1053 4090 1165 4136 coram
1181 4090 1275 4136 coro-

117 4163 295 4333 ppgpriegat·
309 4156 444 4224 Catella
468 4159 540 4244 ejus
564 4158 613 4243 iiij
630 4158 656 4222 ε’
680 4158 733 4245 iiij
744 4160 777 4222 ‹i'
803 4160 864 4241 ob',
889 4158 979 4224 unde
1009 4157 1194 4224 vicecomes
1218 4176 1272 4223 re-

182 4400 287 4486 Hugo
318 4399 409 4465 filius
434 4400 579 4466 Andreae
606 4401 735 4468 occidit
758 4400 969 4468 Willelmum
989 4399 1099 4465 filium
1117 4399 1274 4484 Androm,
1288 4392 1351 4477 vs

115 4489 261 4555 fratrem
282 4508 391 4570 suum,
416 4487 454 4553 in
477 4487 752 4576 Whelpington',
768 4493 804 4555 et
823 4488 943 4556 statim
956 4488 1101 4575 fugitet
1119 4486 1276 4558 matacre-
