2956 4988
285 459 398 505 nssrza
421 460 520 520 noan,
545 439 922 518 acerrimarum?
947 460 1033 505 nov.
1057 461 1082 505 1.
1111 461 1115 468 ’
1208 440 1269 505 321

116 616 239 680 contra
249 614 550 700 pacem,etc.,ideo
558 615 632 701 ipse
641 615 853 682 custodietur
861 616 897 681 et
907 613 1100 681 satisfaciat
1109 614 1270 701 praedioto

119 701 283 787 Gregorio
305 702 347 768 de
374 703 530 788 dampnis
555 703 635 783 suis,
661 724 733 786 quae
755 706 921 767 taxantur
943 702 986 767 ad
1011 702 1100 768 ω’.
1145 703 1270 770 Postea

117 789 212 854 venit
226 790 405 874 praedictus
432 791 600 856 Robertns
625 792 660 856 et
685 791 786 854 finem
811 789 896 855 iecit
919 810 980 875 pro
1001 790 1270 874 transgressione

117 897 178 962 per
194 877 369 941 dimidiam
383 878 438 952 m',
451 899 512 963 per
522 877 674 963 plegium
685 877 843 942 Nicholai
854 878 895 943 de
908 874 1139 943 vaineburness
1173 877 1268 942 Idem

120 964 284 1049 magister
298 965 467 1031 Robertus
484 965 637 1049 queritur
662 965 703 1030 de
729 965 890 1050 praedicto
911 963 1075 1050 Gregorio
1091 965 1180 1048 quod
1195 965 1268 1050 ipse

117 1051 155 1114 in
170 1053 318 1117 crastino
335 1052 454 1117 Sancti
469 1051 617 1118 Oswaldi
633 1073 722 1118 anno
732 1052 836 1137 Regis
852 1072 943 1117 nunc
954 1058 1060 1131 sexto,
1077 1052 1166 1137 quod
1177 1052 1268 1117 idem

119 1137 304 1222 Gregorius
319 1139 431 1224 ipsum
452 1139 632 1205 insultavit
655 1139 693 1203 iu
708 1138 788 1204 vilia
815 1139 856 1203 de
882 1138 1083 1220 Albervvick,
1099 1142 1135 1203 et
1155 1138 1268 1224 ipsum

117 1226 286 1310 percussit
306 1225 344 1289 in
363 1225 483 1312 capite,
510 1227 561 1291 ita
576 1227 665 1312 qnod
692 1225 832 1312 sanguis
848 1226 962 1291 exivit.
1018 1227 1065 1290 Et
1088 1225 1153 1292 hoc
1177 1226 1267 1311 petit

118 1312 184 1379 sibi
199 1313 380 1379 emendari.
414 1315 459 1379 Et
472 1313 656 1400 Gregorius
668 1313 762 1381 venit
771 1317 807 1379 et
823 1314 979 1379 defendit
990 1315 1103 1379 totum
1118 1318 1153 1378 et
1168 1313 1267 1399 ponit

117 1420 152 1465 se
169 1401 431 1487 superpatriam
447 1401 593 1466 debono
617 1404 653 1467 et
676 1401 775 1466 malo.
823 1402 869 1464 Et
888 1401 937 1486 xij
960 1401 1130 1487 juratores
1146 1401 1266 1466 dicunt

118 1488 207 1571 quod
221 1487 402 1573 pradictus
419 1487 602 1574 Gregorius
613 1488 790 1574 culpabilis
803 1492 866 1569 est,
879 1489 954 1553 ideo
969 1488 1042 1573 ipse
1057 1488 1267 1554 custodietur

117 1578 151 1640 et
166 1575 360 1650 satisfaciat
373 1575 534 1660 praedicto
549 1576 713 1661 magistro
729 1576 770 1641 de
785 1576 942 1660 dampnis
958 1576 1038 1656 suis,
1054 1596 1128 1659 quae
1143 1578 1265 1640 taxan-

116 1666 174 1727 tur
190 1662 233 1727 ad
248 1662 424 1728 dimidiam
438 1664 493 1728 m'.
538 1664 663 1728 Postea
676 1663 896 1748 perdonatur.

180 1842 302 1922 Aricia,
328 1864 401 1927 quae
423 1842 494 1907 fua
519 1862 603 1907 uxor
619 1842 766 1907 waes
789 1841 893 1906 urorf’
910 1842 951 1907 re
966 1841 1187 1926 Yehingtnn’‚
1204 1863 1264 1926 ap.
1284 1801 1339 1861 ff

115 1929 272 2015 pellatia
287 1930 453 1996 comitatu
479 1930 662 2031 Hngonem
689 1930 805 2031 Galun⁸
826 1934 862 2031 et
883 1929 1004 2009 Adam,
1020 1929 1164 2031 fratrem
1179 1930 1265 2031 ejus,

118 2018 160 2082 de
186 2022 295 2084 morte
322 2016 644 2098 Walteri,v1r1sui.
689 2018 735 2082 Et
750 2017 863 2082 Ahcra
888 2038 958 2081 non
981 2020 1085 2096 vemt,
1102 2017 1178 2081 rdeo
1193 2037 1268 2102 rpsa

118 2104 603 2258 reversaretur
628 2103 1267 2257 ttttttttnttieditt

118 2278 272 2364 Mangna
295 2278 510 2364 Bavington'.
556 2212 787 2364 EtpeHugo'et
801 2279 913 2343 Adam
937 2278 1038 2343 modo
1064 2213 1208 2345 veniunt
1229 2283 1265 2345 et

118 2366 274 2450 requisiti
298 2365 444 2451 qualiter
469 2387 505 2431 se
528 2365 709 2431 voluerunt
734 2365 815 2431 iude
838 2365 1043 2450 acquietare,
1073 2369 1207 2451 ponunt
1230 2386 1265 2430 se
1318 2381 1320 2384 ’

118 2472 219 2538 super
232 2454 381 2538 patriam
397 2453 438 2519 de
454 2453 543 2518 bono
559 2456 594 2518 et
609 2452 708 2518 malo.
765 2453 811 2517 Et
833 2452 1003 2538 juratores
1031 2452 1150 2517 dicunt
1165 2473 1268 2537 super

118 2544 368 2712 ammentum
383 2561 482 2606 sunm
497 2541 586 2625 qnod
612 2561 681 2606 non
707 2543 789 2605 sunt
804 2540 998 2625 culpabiles,
1016 2539 1091 2607 ideo
1106 2540 1172 2625 ipsi
1187 2539 1267 2604 inde

183 2798 315 2867 Eliseus
341 2799 432 2865 filius
455 2798 559 2864 Alani
584 2799 626 2864 de
656 2798 875 2864 Duddelsden
905 2799 1029 2865 cecidit
1055 2799 1096 2865 de
1120 2799 1266 2883 quodam

117 2906 203 2988 equo
217 2908 278 2973 per
292 2887 530 2989 intortunium,
546 2887 596 2988 ita
612 2886 700 2988 qnod
715 2886 818 2988 tertio
834 2887 891 2987 die
905 2886 984 2951 inde
999 2886 1103 2988 obiit..
1141 2886 1264 2987 Nullus

115 2973 963 3147 itiidiiitidttis{iittidtfnfmmnum'
1009 2974 1165 3041 P¹⁰⁰¹¹¹¹¹²
1187 2993 1266 3059 “³¹¹¹

181 3233 233 3299 De
257 3233 374 3300 eodem
388 3234 585 3301 vicecomite
610 3234 651 3299 de
673 3232 805 3299 catallis
831 3232 1010 3318 cujusdam
1036 3231 1180 3298 Jordani
1203 3232 1266 3297 filii

117 3321 266 3402 Austiu’,
294 3322 457 3401 extranei,
481 3320 632 3408 fugitivi,
648 3320 725 3406 xlvij
739 3321 764 3384 ε’
779 3323 809 3406 vj
823 3320 866 3385 d’.
911 3321 958 3384 Et
983 3319 1060 3404 quia
1084 3320 1264 3404 praedictus

116 3407 287 3474 Jordanus
317 3408 565 3490 malecreditur,
594 3408 671 3474 ideo
695 3408 852 3493 exigatur
878 3410 914 3474 et
937 3407 1122 3493 utlagetur.
1168 3407 1264 3473 Idem

115 3495 238 3561 habuit
249 3499 375 3561 terram
390 3497 540 3578 liberam,
553 3497 642 3562 unde
657 3516 768 3561 annus
783 3498 820 3561 et
834 3498 968 3560 vastum
984 3495 1051 3580 xxij
1062 3496 1102 3574 ε’,
1115 3495 1264 3560 medium

116 3584 251 3667 tempus
277 3605 325 3669 mJ
339 3585 377 3665 ε’,
404 3585 493 3649 unde
519 3583 703 3650 vicecomes
733 3582 947 3684 respondeat.
1007 3582 1053 3647 Et
1079 3581 1197 3647 villata
1223 3582 1265 3650 de

116 3669 373 3757 Fiamelington
388 3692 458 3737 non
473 3671 567 3737 venit
583 3692 696 3737 coram
711 3669 924 3756 justrciariis,
941 3668 1017 3736 ideo
1032 3669 1069 3732 in
1085 3669 1171 3736 mis'.

181 3859 353 3925 Oristiana
368 3861 409 3928 de
424 3860 533 3927 Oones
560 3861 661 3945 capta
684 3878 746 3944 pro
768 3857 958 3943 suspicione
973 3855 1144 3923 latrocinii
1160 3861 1195 3923 et
1210 3858 1264 3922 in-

116 3947 292 4032 prisonata
307 3947 343 4012 in
358 3947 439 4012 villa
453 3948 495 4013 de
509 3945 666 4014 Hirbotel
681 3949 717 4011 et
732 3946 773 4011 de
788 3947 904 4012 eadem
919 3944 1037 4009 villata
1052 3946 1171 4025 evasit,
1187 3944 1264 4012 ideo

117 4035 160 4098 ad
171 4034 337 4118 judicium
352 4035 393 4100 de
408 4034 563 4100 evasione
580 4055 681 4119 super
694 4033 889 4119 praedictam
902 4032 1065 4098 villatam.
1110 4033 1156 4096 Et
1171 4032 1266 4118 fugit

117 4122 161 4185 ad
187 4120 362 4186 eeclesiam
384 4121 426 4189 de
440 4121 620 4188 Alventon¹
644 4126 679 4188 et
698 4120 857 4205 cognovit
881 4140 916 4184 se
943 4140 1016 4185 esse
1040 4119 1209 4184 latronem
1232 4122 1267 4187 et

117 4208 288 4294 abjuravit
303 4230 444 4294 regnum
462 4229 575 4275 coram
590 4213 797 4298 coronatore.
844 4208 976 4273 Catulla
991 4207 1096 4272 nulla.
1141 4206 1266 4272 Postea

115 4299 282 4367 testatum
306 4300 360 4363 est
381 4296 470 4381 quod
493 4297 656 4382 praedicta
670 4295 821 4362 Cristina
835 4298 936 4380 capta
953 4294 1022 4358 fuit
1036 4314 1098 4379 per
1111 4293 1265 4360 villatam

462 4464 926 4536 ¹Alvintonin00quetdalewurd.
1116 4550 1142 4593 x

1314 3880 1358 3935 xl
