2956 4988
295 467 412 514 reama
434 467 531 529 acan,
554 467 892 527 roarnunnaaaaun,
916 447 958 512 53
981 467 1064 513 aas.
1087 468 1140 515 111.
1234 447 1299 513 169

142 621 325 688 duodecim
340 644 496 689 acrarum
511 625 620 703 terrae,
637 643 712 688 cum
728 621 956 708 pertinentiis,
973 621 1009 686 in
1023 621 1243 705 Ulhilleston,
1258 626 1299 689 ut

141 710 200 796 jus
216 732 317 791 suum
332 712 506 796 perbreve
522 711 563 775 de
579 709 886 795 consanguinitate.

207 798 255 862 Et
284 798 416 864 Alenus
446 802 481 863 et
510 797 626 883 Agnes
655 799 809 876 veniunt,
831 801 866 861 et
893 797 1088 863 concordati
1118 802 1209 863 sunt.
1254 798 1300 862 Et

140 884 275 950 Alanus
291 890 326 952 et
341 885 458 971 Agnes
473 885 558 950 dant
573 883 750 949 dimidiam
765 905 914 950 marcam
929 906 990 970 pro
1004 885 1145 950 licentia
1165 906 1300 951 concor-

143 972 249 1037 dandi
264 995 324 1058 per
346 973 497 1058 plegium
519 971 673 1057 praedicti
696 972 842 1037 Thomae.
888 974 932 1037 Et
951 975 1004 1039 eet
1026 973 1205 1039 concordia
1219 971 1299 1038 talis

143 1060 234 1145 quod
249 1061 433 1145 praedictus
448 1060 594 1125 Thomas
610 1059 757 1125 remittit
771 1063 895 1140 totum,
911 1063 988 1141 etc,
1012 1081 1073 1145 pro
1095 1083 1165 1126 una
1184 1081 1300 1127 marca

144 1167 246 1231 quam
258 1146 291 1212 ei
306 1147 391 1212 dant
402 1147 584 1213 instanter.

210 1284 381 1350 Robertus
411 1284 453 1350 de
483 1285 629 1365 Dennm,
657 1284 746 1349 filius
776 1284 990 1368 Ermegeriae‚
1021 1284 1180 1369 cognovit
1211 1284 1300 1370 quod

144 1371 279 1437 remisit
294 1376 329 1436 et
343 1371 497 1457 quietum
513 1371 672 1437 clamavit
688 1372 728 1436 de
744 1392 779 1436 se
795 1375 831 1438 et
845 1372 1024 1438 heredibus
1041 1372 1111 1437 suis
1127 1372 1300 1437 Willelmo

145 1458 187 1524 de
212 1459 365 1525 Haltone
389 1463 424 1524 et
447 1459 627 1524 heredibus
652 1459 721 1524 suis
748 1463 859 1524 totum
882 1459 940 1544 jus
969 1463 1004 1523 et
1029 1458 1188 1523 clamium
1211 1459 1300 1544 quod

144 1546 268 1611 habuit
283 1546 337 1611 vel
350 1546 475 1613 habere
488 1548 603 1632 potuit
617 1546 655 1610 in
670 1566 739 1610 uno
754 1547 938 1631 mesuagio,
962 1546 1088 1631 viginti
1103 1552 1138 1611 et
1154 1552 1301 1630 quatuor

146 1634 233 1698 acris
255 1637 367 1714 terrae,
388 1656 466 1700 cum
488 1634 716 1719 pertinentiis,
740 1634 775 1697 in
799 1634 944 1713 Denum,
960 1633 1049 1699 sicut
1070 1633 1205 1719 plenius
1220 1655 1299 1699 con·

146 1721 280 1787 tinetur
303 1720 340 1784 in
367 1721 513 1805 quodem
537 1721 664 1806 scripto
690 1720 781 1805 quod
803 1705 893 1786 idem
919 1721 1112 1786 Willelmus
1138 1722 1243 1787 habet
1259 1722 1300 1788 de

145 1808 308 1892 praedicto
323 1808 484 1874 Roberto.
649 1803 658 1823 ⁹

211 1944 361 2012 Michael
387 1946 428 2010 de
454 1945 587 2009 Killum
614 1945 839 2011 summonitus
868 1946 938 2010 fuit
962 1947 1005 2011 ad
1027 1947 1301 2033 respondendum

146 2033 230 2098 Adae
246 2034 288 2098 de
303 2032 511 2119 Edlingham
527 2034 568 2099 de
582 2033 709 2118 placito
725 2035 815 2117 quod
830 2033 950 2099 reddet
965 2034 997 2102 ei
1013 2038 1142 2120 septem
1157 2056 1299 2114 meroes,

146 2142 230 2205 quus
246 2121 278 2185 ei
294 2121 394 2186 debet
410 2125 445 2184 et
459 2121 590 2206 injuste
606 2121 747 2201 detinet,
764 2125 827 2186 etc.
873 2121 919 2186 Et
935 2122 1023 2189 uude
1044 2122 1196 2206 queritur
1211 2123 1301 2206 quod

147 2229 223 2272 cum
254 2208 409 2272 vendidit
438 2208 617 2291 quemdem
648 2228 781 2292 equum,
806 2229 895 2273 enno
911 2209 1169 2294 quadragesimo
1197 2231 1299 2290 ncnc,

146 2294 308 2380 praedicto
324 2295 486 2359 Michaeli
502 2316 563 2379 pro
579 2294 703 2380 viginti
719 2300 754 2360 et
768 2296 880 2360 tribus
895 2296 1018 2362 marcis
1034 2297 1144 2361 eidem
1167 2297 1300 2363 solven-
1433 2330 1437 2335 ·

148 2382 210 2462 dis,
240 2381 421 2467 predictus
452 2382 600 2447 Michael
626 2382 756 2468 injuste
786 2383 818 2446 ei
854 2383 933 2447 inde
964 2384 1094 2450 detinet
1121 2385 1301 2468 praedictae

148 2475 277 2554 septem
292 2490 436 2549 marcas,
452 2474 486 2535 et
509 2470 540 2534 ei
562 2470 698 2536 reddere
721 2469 936 2547 contradicit,
952 2474 987 2535 et
1002 2471 1092 2535 unde
1107 2471 1192 2536 dicit
1214 2472 1303 2557 quod

148 2556 373 2622 deterioretus
404 2560 456 2620 est
486 2561 520 2621 εὴ
551 2557 734 2641 dampnum
766 2557 870 2622 habet
900 2558 944 2621 ad
973 2557 1156 2623 valentiam
1188 2559 1302 2626 decem

148 2665 350 2724 marcarum,
367 2647 402 2710 et
417 2643 496 2708 inde
511 2643 669 2728 producit
679 2647 816 2725 sectam,
830 2649 893 2710 etc.
939 2646 986 2709 Et
1001 2645 1150 2710 Michael
1159 2647 1253 2711 venit
1268 2651 1303 2713 et

149 2731 304 2795 defendit
330 2732 398 2794 vim
424 2734 459 2795 et
474 2731 636 2814 injuriam
664 2733 810 2815 quande,
841 2737 905 2798 etc.
951 2733 1075 2800 Postea·
1105 2734 1301 2798 concordati

150 2824 231 2883 sunt
241 2818 682 2885 etMichaeldatdimidiam
693 2840 841 2884 mercam
850 2841 911 2904 pro
921 2819 1302 2886 licentiaconcordandi.

148 2906 194 2969 Et
209 2908 262 2970 est
277 2907 457 2970 concordia
471 2905 550 2970 talis
567 2906 656 2990 quod
670 2907 852 2991 praedictus
869 2906 1018 2973 Michael
1033 2908 1193 2993 cognovit
1212 2909 1301 2993 quod

150 2993 250 3058 debet
274 2991 437 3077 praedicto
458 2992 541 3058 Adae
567 2993 747 3078 praedictas
778 2997 906 3078 septem
937 3016 1068 3059 marces
1098 3001 1133 3060 et
1165 2995 1242 3061 illas
1272 2996 1304 3064 ei

150 3079 269 3144 reddet
292 3080 336 3143 ad
358 3080 486 3145 festum
503 3081 622 3145 Sancti
639 3080 818 3145 Michaelis
833 3083 897 3147 hoc
912 3102 1014 3162 anno,
1031 3086 1066 3148 et
1081 3082 1148 3146 nisi
1170 3084 1303 3164 fecerit,

152 3167 307 3232 concedit
330 3169 420 3251 quod
435 3168 618 3232 vicecomes
633 3168 741 3232 faciat
757 3168 798 3232 de
814 3169 915 3233 terris
931 3174 966 3233 et
988 3168 1131 3251 catallis,
1148 3174 1212 3235 etc.
1257 3172 1304 3235 Et

151 3267 253 3339 super
263 3254 327 3319 hoc
339 3255 427 3321 idem
440 3255 589 3319 Michael
601 3255 732 3319 invenit
743 3255 884 3340 plegios,
901 3256 1042 3334 scilicet,
1058 3257 1308 3344 Gwycherdum

151 3341 193 3405 de
212 3340 369 3406 Chennu
384 3346 420 3406 et
435 3342 646 3406 Willelmum
673 3343 714 3408 de
736 3342 917 3424 Kirketon,
934 3345 993 3427 qui
1007 3345 1211 3429 principales
1227 3346 1306 3413 inde

152 3427 361 3495 devenerunt
387 3429 566 3496 debitores.
611 3430 658 3493 Et
687 3451 748 3514 pro
778 3431 853 3508 hac,
880 3435 957 3512 etc,
987 3431 1169 3516 praedictus
1197 3433 1307 3498 Adam

150 3515 300 3580 remittit
324 3516 484 3600 praedicto
509 3516 670 3581 Michaeli
697 3517 811 3581 omnia
837 3518 985 3603 dampna
1012 3541 1085 3603 quae
1109 3520 1245 3585 dicebat
1271 3542 1307 3586 se

153 3602 312 3668 hahuisse
328 3604 505 3669 occasione
522 3604 731 3669 detentionis
747 3604 914 3689 praedictae
928 3607 1089 3691 pecuniae.

217 3758 337 3823 Assisa
351 3757 446 3823 venit
460 3760 678 3844 recognitum
694 3758 724 3823 si
739 3759 761 3823 J
763 3760 915 3826 ohannes
930 3760 1021 3825 filius
1042 3760 1194 3843 Patricii,
1211 3767 1309 3848 pater

153 3845 175 3911 J
177 3845 322 3911 ohannis
337 3845 400 3908 filii
415 3846 437 3910 J
438 3847 584 3911 ohannis
600 3846 663 3909 filii
677 3846 831 3928 Patricii,
846 3847 917 3911 fuit
933 3847 1079 3934 seysitus
1091 3849 1126 3912 in
1139 3849 1309 3916 dominico

154 3954 215 3998 suo
241 3937 282 3997 ut
308 3933 349 3997 de
374 3933 475 3998 feodo
498 3934 539 3997 de
563 3954 632 3998 uno
654 3935 745 3999 tofto
768 3940 803 3999 et
825 3934 984 4000 undecim
1004 3937 1091 4001 acris
1106 3939 1216 4017 terrae,
1232 3958 1308 4003 cum

155 4020 382 4106 pertinentiis,
406 4021 443 4084 in
465 4020 684 4105 Edlingham,
708 4021 762 4086 die
785 4043 862 4106 quo,
889 4026 954 4088 etc.
1000 4023 1046 4087 Et
1062 4024 1101 4104 si,
1118 4028 1182 4089 etc.
1227 4024 1311 4106 Quae

153 4106 284 4172 toftum
299 4113 334 4172 et
350 4112 478 4172 terram
495 4107 669 4174 Gilbertue
685 4108 775 4174 filius
790 4109 959 4174 Johennis
986 4113 1093 4191 tenet,
1120 4111 1176 4195 qui
1201 4113 1307 4193 venit,

155 4199 190 4259 et
217 4194 323 4261 nichil
346 4194 430 4260 dicit
444 4216 548 4279 quare
564 4195 672 4260 assisa
686 4200 862 4263 remaneat
884 4196 951 4261 nisi
973 4202 1108 4263 tantum
1125 4201 1214 4282 quod
1228 4221 1311 4285 prae-

155 4282 267 4346 dictus
293 4282 482 4363 (lohannes,
510 4283 552 4347 de
578 4283 677 4368 cujus
700 4288 821 4364 morte,
845 4288 922 4363 etc,
943 4306 1004 4369 per
1018 4285 1158 4372 longum
1175 4290 1310 4373 tempus

155 4372 237 4436 ante
259 4373 404 4437 mortem
425 4391 533 4435 *suam
562 4370 720 4435 leoffevit
746 4371 825 4436 inde
856 4372 1037 4455 quamdam
1066 4373 1310 4460 Margaretam,

154 4456 260 4522 filiam
286 4478 395 4539 suam,
420 4460 456 4525 et
481 4479 555 4525 cam
580 4456 660 4525 inde
683 4459 798 4546 posuit
821 4457 856 4522 in
877 4459 1023 4545 seysiuu,
1039 4465 1074 4526 et
1089 4461 1179 4547 quod
1194 4463 1312 4529 eadem
