2956 4988
297 447 411 493 sssrnn
433 447 533 510 nonu,
555 444 893 508 ronruuunnamun,
917 424 936 492 7
959 445 1047 493 rnvv.
1071 447 1096 493 1.
1215 425 1277 491 349

126 603 338 688 respondeat.
386 601 482 668 Idem
511 601 635 704 habuit
659 599 952 703 terramtliberam
981 601 1072 703 pndc
1102 621 1212 702 annus
1242 605 1278 666 et

128 691 353 863 peasspprpdpiajte’
369 690 456 772 ixd',
472 690 621 756 medium
636 691 771 774 tempus
780 709 820 774 u]
831 688 868 769 s',
884 688 1079 755 unde1dem
1093 708 1278 754 vicecomes

190 931 243 996 De
265 931 383 998 eodem
405 930 601 996 vicecomite
624 929 666 995 de
686 929 818 994 catallis
846 928 1026 995 Laurentii
1045 929 1086 995 de
1110 929 1276 1009 Walton’,

128 1017 278 1103 fugitivi,
299 1019 335 1082 ix
343 1019 368 1082 s’
393 1018 433 1103 ρ’.
478 1019 525 1082 Et
545 1016 624 1102 quia
638 1020 805 1084 testatum
820 1021 873 1084 est
888 1017 977 1104 quod
991 1017 1172 1103 praedictus
1187 1019 1277 1083 Lau-

127 1106 258 1171 rentius
274 1105 370 1186 obiit,
386 1105 464 1170 ideo
479 1103 568 1169 nihil
582 1104 624 1170 de
639 1103 820 1190 utlagaria.

193 1261 346 1347 Rogerus
376 1260 418 1325 de
447 1258 649 1325 Whitelavve
686 1258 811 1325 occidit
842 1259 953 1324 Adam
990 1259 1172 1326 Vitheued.
1231 1259 1278 1323 Et
1320 1234 1357 1279 s

129 1348 282 1434 Rogems
312 1349 432 1414 statim
464 1347 559 1433 fugit
589 1349 624 1412 ct
653 1346 903 1428 maleoreditur,
936 1347 1012 1412 ideo
1050 1348 1207 1432 exigatur
1244 1348 1279 1412 et

130 1436 313 1521 utlagetur.
359 1434 493 1501 Catulla
521 1434 597 1519 ejus
623 1435 695 1520 xxvj
708 1434 734 1498 ε’
764 1434 803 1518 iij
816 1435 861 1514 d',
891 1434 981 1500 unde
1014 1434 1197 1499 vicecomes
1228 1454 1279 1498 re·

131 1523 306 1609 spondeat.
328 1521 425 1589 Idem
441 1521 562 1588 habuit
576 1524 702 1586 terram
717 1520 857 1586 liberam
873 1521 962 1587 unde
974 1543 1084 1587 annus
1096 1525 1131 1587 et
1146 1524 1279 1586 vastum

131 1610 194 1691 vs',
206 1611 355 1675 medium
370 1613 503 1695 tempus
514 1609 547 1673 ix
557 1608 595 1687 s',
607 1608 699 1673 unde
710 1608 893 1674 vicecomes
905 1608 1117 1694 respondeat.
1156 1607 1282 1673 Postea

131 1697 225 1763 venit
239 1697 411 1783 Margerio
426 1696 468 1762 de
484 1696 636 1761 Trewick
651 1700 686 1760 et
708 1696 809 1762 finem
830 1696 915 1761 fecit
935 1718 995 1780 pro
1018 1716 1054 1762 se
1077 1699 1112 1761 et
1134 1695 1280 1761 Ricardo
1349 1734 1354 1739 -

132 1785 173 1851 de
191 1784 380 1864 Stikelawe,
397 1783 561 1868 participe
573 1803 644 1861 suc,
656 1804 717 1868 pro
732 1805 823 1848 anno
838 1788 873 1850 et
888 1787 984 1848 vasto
998 1786 1107 1862 teme,
1123 1804 1198 1868 quae
1211 1781 1281 1847 fuit

131 1872 284 1957 praedicti
298 1871 435 1957 Rogeri,
451 1891 512 1956 per
526 1869 704 1934 dimidiam
726 1870 781 1952 m',
804 1891 864 1956 per
885 1870 1036 1957 plegium
1051 1870 1216 1937 Willelmi
1239 1870 1281 1936 de
1409 1956 1452 1989 re

132 1958 292 2026 Trewick.
1375 1994 1379 2002 ·
1410 1992 1440 2027 r·-

1310 2036 1315 2045 .
1347 2024 1399 2087 ἐκ

197 2121 317 2201 Alicio,
333 2140 416 2186 uxor
432 2103 616 2204 Ranulphi,
633 2119 740 2204 gratis
757 2118 934 2204 suspendit
958 2118 1112 2205 seipsam.
1158 2066 1347 2211 1191199δῆΙ

132 2208 217 2273 alius
233 2209 311 2272 inde
327 2207 575 2273 malecreditur.
621 2206 804 2285 Judicium,
829 2206 958 2272 felonia
983 2206 1025 2273 de
1050 2227 1096 2272 sc.
1146 2206 1281 2272 Catulla
1320 2210 1336 2231 *¹

131 2296 206 2381 ejus
222 2298 251 2380 xj
264 2296 308 2376 d',
325 2296 414 2361 unde
427 2295 611 2361 vicecomes
626 2294 838 2379 respondeat.

199 2457 392 2523 Willelmus
415 2457 534 2523 Tunde
556 2456 598 2522 de
621 2457 798 2522 Wideslod
819 2457 942 2524 cecidit
964 2458 1006 2523 de
1024 2459 1169 2543 quodam
1184 2479 1281 2543 equo,

134 2546 185 2611 ita
199 2546 288 2630 quod
304 2568 325 2610 a
340 2566 421 2610 cusu
435 2545 502 2609 isto
517 2544 614 2610 obiit.
659 2545 783 2610 Nullus
798 2545 878 2610 inde
893 2544 1139 2611 maleoreditur.
1183 2545 1207 2610 J
1207 2546 1283 2609 udi-

132 2633 233 2712 cium,
256 2632 496 2698 infortunium.
541 2631 697 2697 Preoium
712 2630 790 2716 equi
806 2632 981 2697 dimidiam
1003 2634 1059 2715 m',
1083 2634 1174 2699 unde
1196 2633 1282 2700 vioe·

135 2741 245 2786 eomes
260 2720 473 2805 respondeat.

199 2890 392 2956 Willelmus
418 2889 550 2954 Messor
573 2909 752 2974 oppressus
778 2889 849 2953 fait
876 2890 1021 2975 quedam
1047 2894 1181 2957 carecta
1207 2911 1284 2956 oum

134 2979 264 3044 duobus
291 2978 398 3061 equis,
425 2977 476 3041 ita
501 2976 591 3062 quod
618 2977 713 3041 obiit.
773 2976 897 3042 Nullus
927 2977 1006 3042 inde
1035 2978 1283 3044 maleoreditur.

135 3069 156 3132 J
158 3067 319 3146 udicium,
344 3063 583 3129 infortunium.
628 3062 785 3129 Preoium
805 3074 966 3148 equorum
981 3067 1017 3129 et
1032 3069 1172 3131 carecta
1186 3065 1246 3150 viij
1257 3065 1283 3129 ε’

131 3156 199 3239 jd',
224 3154 315 3217 unde
342 3152 526 3218 vicecomes
550 3151 764 3236 respondeat.
824 3153 870 3215 Et
896 3151 1014 3217 villata
1044 3153 1085 3217 de
1111 3152 1284 3219 Hertlswe

136 3240 290 3326 sepelivit
305 3240 416 3324 ipsum
432 3240 505 3304 sine
520 3238 595 3303 visu
610 3236 829 3320 coronatoris,
844 3239 920 3304 ideo
935 3239 972 3303 in
987 3239 1073 3304 mis’.

200 3403 355 3486 Rogerus
382 3402 424 3465 de
449 3399 636 3482 Elington',
661 3420 803 3465 manens
828 3401 863 3464 in
890 3401 1059 3483 Neuham,
1083 3403 1209 3468 occidit
1227 3404 1286 3469 Jo·
1329 3372 1397 3471 s

137 3490 285 3553 hannem
300 3487 387 3553 Oord
403 3489 438 3552 et
461 3487 579 3551 statim
597 3485 691 3572 fugit
714 3491 750 3553 et
770 3487 1017 3569 maleoreditur,
1036 3490 1112 3555 ideo
1132 3490 1288 3576 exigatur

136 3582 171 3642 et
197 3575 383 3661 utlagetur.
428 3573 561 3638 Catulla
586 3572 662 3657 ejus
687 3574 781 3660 xxiiij
794 3575 830 3638 li'
858 3575 900 3661 vij
913 3577 959 3657 d',
985 3577 1076 3642 unde
1101 3577 1220 3643 villata
1245 3579 1287 3646 de

136 3663 327 3727 Wardwick
349 3660 551 3745 respondeat
580 3660 668 3745 xxvij
683 3661 719 3724 li'
751 3662 795 3747 vij
806 3662 831 3726 ε’
862 3663 936 3745 vd',
967 3667 1003 3729 et
1032 3664 1215 3732 vicecomes
1245 3667 1286 3733 de

137 3750 282 3829 residuo,
299 3748 465 3826 videlicet,
483 3749 523 3813 de
539 3747 599 3833 viij
611 3748 647 3812 li’
663 3747 723 3834 xiij
736 3749 763 3812 ε’
778 3749 814 3835 iij
825 3750 868 3814 d'.

203 3904 380 3972 Galfridus
403 3902 434 3970 19
457 3903 613 3968 Forester
633 3906 754 3989 captus
770 3925 831 3988 pro
847 3905 990 3989 quadam
1007 3927 1109 3973 vacca
1121 3907 1288 3974 iuratust

138 3993 215 4058 aliis
239 3990 440 4069 latrociniis,
463 3994 499 4054 et
521 3989 643 4057 Petrus
666 3990 697 4057 le
720 3991 893 4057 Marschal
915 3996 1034 4078 captus
1055 3994 1212 4059 similiter
1227 4016 1288 4080 pro

137 4081 218 4145 lana
242 4078 407 4142 Willelmi
432 4077 590 4143 Scisson's
617 4077 659 4142 de
683 4078 869 4144 Hanevvell’
893 4084 929 4144 et
953 4101 1014 4164 pro
1039 4081 1115 4146 aliis
1135 4081 1288 4167 pluribus

136 4166 335 4245 latrociniis,
352 4168 517 4232 venerunt
531 4167 567 4229 et
582 4164 773 4230 defendunt
788 4171 911 4246 totum,
937 4171 1013 4248 cto,
1037 4171 1072 4232 et
1094 4174 1227 4253 ponunt
1251 4190 1286 4236 se

139 4275 238 4339 super
261 4253 408 4337 patriam
430 4253 472 4316 de
493 4251 582 4316 bono
605 4256 640 4316 et
662 4252 761 4318 malo.
807 4255 853 4318 Et
864 4256 1035 4339 juratores
1055 4255 1173 4320 dicunt
1188 4276 1289 4341 super

138 4343 386 4406 sacramentum
402 4360 500 4403 suum
516 4338 606 4424 quod
620 4360 688 4404 non
705 4343 786 4404 sunt
801 4340 985 4426 culpabiles
1000 4342 1041 4408 de
1057 4342 1170 4427 aliquo
1184 4343 1287 4407 latro·

139 4428 239 4509 cinio,
266 4427 342 4495 ideo
366 4427 433 4515 ipsi
456 4426 535 4493 inde
560 4426 677 4513 quieti.
722 4427 769 4492 Et
794 4428 842 4515 xij
866 4429 1037 4514 juratores
1058 4429 1178 4495 dieunt
1198 4431 1287 4516 quod
