2956 4988
205 508 209 514 ,
302 456 539 519 sacrasacra,
563 435 941 518 normannicarum
965 456 1100 503 9991.
1226 435 1289 499 285

203 611 377 677 Johannes
393 610 626 693 19Η991199’,
644 611 867 697 Guychardus
882 611 924 676 de
944 610 1108 692 Chamon,
1133 614 1169 677 et
1193 608 1287 674 Wal-

139 702 233 764 terus
264 700 305 763 de
337 699 512 784 Swethorp
539 699 737 764 summoniti
760 699 901 764 fuerunt
931 699 975 763 ad
1000 697 1289 783 resspondendnm

138 786 518 865 19199911179199999,1
543 786 704 865 Henrico‚
725 786 827 851 fratri
852 786 937 870 ejus,
954 785 1095 870 Hugoni
1112 786 1153 851 de
1169 785 1289 864 Lond',

139 881 174 940 et
192 873 362 938 Willelmo
377 873 499 953 Tader,
516 873 751 938 executoribus
766 873 957 938 testimenti
973 871 1075 936 Alani
1086 873 1289 951 Wodeman‚

139 961 180 1026 19
195 961 322 1046 placito
338 962 428 1044 quod
443 961 624 1045 praedictus
649 960 671 1025 J
673 962 824 1026 ohannes
852 961 972 1025 reddat
996 959 1044 1025 919
1061 961 1239 1044 sexaginta
1254 963 1290 1023 91

140 1049 255 1114 decern
270 1049 307 1128 ε’,
323 1053 359 1112 91
375 1048 463 1131 quod
478 1048 660 1133 praedictus
673 1048 903 1133 Gwychardus
913 1048 1035 1113 reddat
1049 1046 1098 1111 919
1109 1046 1287 1113 tresdecim

139 1135 186 1215 a’,
203 1141 237 1203 et
253 1136 342 1219 qnod
357 1136 538 1220 pradictus
554 1135 727 1200 Walterus
751 1135 871 1199 reddat
886 1135 935 1199 eis
959 1134 1083 1219 viginti
1094 1138 1130 1200 et
1146 1136 1291 1219 quatuor

138 1226 176 1305 ε’,
192 1244 276 1307 quos
292 1222 324 1287 ei
339 1223 465 1307 injuste
481 1222 649 1304 detinent,
666 1226 730 1288 etc.

205 1311 251 1374 Et
266 1309 936 1395 199999991999199199,9111911999
951 1308 1095 1374 veniunt
1106 1311 1142 1374 et
1154 1327 1289 1375 concor-

142 1397 215 1462 dati
245 1400 326 1461 sunt
355 1419 414 1481 per
442 1397 627 1463 licentiam.
687 1398 733 1460 Et
762 1397 937 1462 Johannes
967 1396 1169 1476 Wodeman,
1199 1417 1289 1460 unus

139 1488 369 1564 executorum,
400 1484 460 1550 dat
497 1484 621 1570 viginti
650 1486 676 1547 ε’
703 1505 765 1568 pro
797 1482 938 1549 licentia
975 1483 1202 1548 concordandi
1231 1504 1291 1567 per

140 1572 290 1657 plegium
327 1572 421 1636 Petri
459 1571 659 1638 Wodeman.
712 1572 759 1635 Et
789 1574 842 1635 est
872 1571 1052 1644 concordia
1081 1570 1161 1635 19119
1199 1570 1289 1654 quod

139 1658 320 1743 praedictus
335 1659 358 1723 J
359 1659 510 1724 ohannes
526 1659 567 1724 de
582 1659 749 1723 Haulton'
762 1658 936 1744 cognoscit
947 1659 1037 1741 quod
1048 1659 1149 1723 debet
1164 1657 1290 1722 eisdem

140 1746 373 1812 executoribus
395 1745 591 1830 praedictum
615 1746 767 1811 debitum
787 1766 901 1810 versus
924 1766 1001 1810 eum
1024 1746 1183 1830 petitum,
1201 1745 1291 1809 unde

46 1878 56 1903 .
142 1834 248 1898 solvet
263 1834 311 1898 eis
328 1833 370 1897 ad
382 1833 510 1897 festum
522 1833 725 1898 Natiuitatis
739 1833 855 1898 Sancti
864 1834 886 1898 J
887 1832 1031 1897 ohannis
1048 1832 1212 1916 Baptistae
1227 1832 1291 1897 hoc

140 1942 229 1986 anno
267 1920 389 2004 viginti
421 1925 455 1984 et
481 1924 551 1985 tres
580 1921 606 1982 ε’
637 1924 672 1985 91
697 1925 843 2003 quatuor
869 1920 912 1996 d’,
943 1920 987 1984 ad
1017 1919 1147 1984 festum
1172 1919 1290 1984 Sancti

141 2007 283 2071 Martini
299 2008 452 2091 proximo
468 2027 609 2091 sequens
625 2007 749 2092 viginti
771 2012 807 2072 et
829 2011 898 2071 tres
920 2009 945 2069 ε’
970 2013 1005 2072 91
1028 2011 1173 2090 quatuor
1188 2007 1232 2086 d’,
1256 2008 1292 2073 et

142 2097 185 2159 ad
210 2095 435 2160 Pentecosten
463 2095 615 2178 proximo
637 2098 833 2179 sequentem
863 2093 987 2179 viginti
1017 2100 1053 2161 et
1076 2095 1156 2158 tres'
1187 2095 1223 2171 ε’,
1255 2098 1291 2158 91

143 2187 288 2266 quatuor
310 2183 353 2245 d'.
408 2182 453 2245 at
477 2181 706 2266 Gwychardns
731 2181 907 2266 cognoscit
931 2182 1018 2264 quod
1042 2181 1143 2246 debet
1165 2181 1291 2245 eisdem

142 2270 377 2335 executoribus
407 2269 521 2333 decem
553 2269 587 2331 li’
611 2270 700 2333 unde
723 2268 831 2333 solvet
860 2268 909 2332 919
939 2268 983 2331 91
1012 2268 1141 2333 festum
1172 2267 1291 2333 Sancti

142 2357 287 2420 Martini
299 2356 362 2420 hoc
377 2376 468 2419 anno
481 2355 628 2439 quinque
639 2357 694 2435 (η’,
710 2357 754 2420 91
765 2357 892 2420 festum
905 2355 1123 2421 Pentecosten
1138 2353 1292 2440 proximo

143 2465 285 2527 sequens
308 2443 455 2526 quinque
477 2442 532 2522 m'‚
557 2447 592 2507 91
616 2444 660 2507 91
685 2444 813 2507 festum
836 2443 953 2507 Sancti
974 2442 1118 2506 Martini
1142 2441 1293 2526 proximo

144 2552 286 2614 sequens
301 2530 449 2613 quinque
464 2531 517 2594 m’.
563 2530 609 2593 ut
623 2530 805 2614 praedictus
821 2529 995 2594 Walterus
1011 2530 1186 2614 cognoscit
1201 2529 1291 2613 quod

143 2618 244 2683 debet
274 2617 399 2682 eisdem
430 2617 665 2682 executoribus
694 2617 872 2701 praedictos
895 2616 1018 2700 viginti
1041 2622 1077 2681 et
1100 2621 1245 2700 quatuor
1267 2617 1292 2679 ε’

142 2726 256 2769 versus
273 2726 350 2770 enm
366 2704 502 2788 petitos,
520 2725 602 2789 quos
618 2704 666 2768 919
683 2705 790 2768 solvet
814 2704 856 2767 ad
872 2704 1000 2767 festum
1017 2704 1134 2768 Sancti
1150 2703 1292 2768 Martini

143 2792 206 2857 hoc
222 2813 323 2855 9999.
369 2792 414 2855 Et
430 2793 495 2855 nisi
510 2791 666 2870 fecerint,
683 2791 873 2856 concedunt
882 2791 970 2875 quod
986 2791 1168 2857 vicecomes
1184 2791 1293 2856 199191

143 2879 184 2943 19
200 2879 299 2943 terris
316 2881 350 2942 et
367 2879 498 2943 catallis
521 2879 602 2958 suis,
626 2882 691 2944 etc.
737 2879 783 2942 Et
798 2899 859 2962 pro
874 2878 949 2956 hac,
967 2882 1043 2957 919,
1067 2878 1220 2962 praedicti
1235 2901 1290 2945 ex·

114 2970 296 3032 .ecut0res
321 2966 502 3030 remittunt
528 2965 697 3050 praedictis
721 2966 883 3044 Johanni,
908 2964 1129 3050 Gwychard0‚
1146 2965 1291 3031 911191-

143 3058 217 3117 tero
241 3053 355 3117 omnia
385 3052 543 3137 dampna,
567 3074 641 3136 quae
666 3052 825 3117 dicebant
856 3073 891 3117 se
917 3052 1076 3118 habuisse
1099 3054 1292 3119 occassione

142 3139 351 3204 detentionis
373 3141 608 3224 praedictorum
624 3139 826 3204 debitorum.
872 3140 918 3204 Et
938 3139 1095 3204 similiter
1108 3141 1293 3205 remittunt

144 3227 353 3312 Gwychardo
369 3227 540 3292 residuum
556 3227 663 3293 debiti
679 3247 794 3292 versus
809 3248 885 3292 eum
900 3227 1058 3310 petitum,
1075 3231 1140 3292 etc.

207 3381 355 3447 Thomas
385 3380 475 3445 filius
505 3379 675 3445 Ambrosii
716 3381 756 3447 de
787 3380 1020 3446 Warendham
1058 3381 1147 3465 petit
1176 3402 1293 3448 versus

177 3568 360 3635 ι1999111199
383 3568 461 3619 taken
485 3566 513 3618 in
536 3572 552 3617 3
575 3566 646 3619 Edu.
670 3567 693 3618 Ι.
744 3567 828 3619 before
848 3567 921 3618 John
938 3567 969 3618 19
989 3567 1090 3619 Okcton
1110 3568 1161 3618 991
1175 3569 1245 3620 Elias
1262 3569 1294 3621 19

143 3638 197 3688 'Phe
208 3639 270 3702 jury
282 3653 326 3701 say
339 3636 397 3686 that
408 3650 484 3699 every
496 3635 602 3699 burgess
613 3636 640 3684 of
649 3633 693 3685 the
746 3634 930 3698 Beckinghnm,
951 3635 1085 3686 recovered
1104 3634 1148 3686 the
1172 3635 1295 3686 aforesaid

145 3705 264 3768 Borough
273 3705 300 3753 of
310 3701 460 3763 Newcastle,
470 3701 606 3766 according
615 3705 642 3751 19
650 3701 694 3751 the
744 3716 876 3766 messuage
887 3701 988 3767 against
1004 3702 1048 3752 the
1060 3701 1115 3752 said
1127 3701 1227 3767 chry,
1244 3703 1294 3753 991

142 3775 254 3821 customs
283 3769 397 3820 hitherto
427 3769 488 3819 used
514 3767 542 3817 in
570 3767 614 3818 the
641 3767 693 3818 9911
744 3768 892 3818 afterwards
936 3768 1062 3819 enfeofied
1113 3769 1211 3819 1911119
1255 3769 1296 3821 his

144 3837 275 3902 Borough‚
287 3852 334 3886 can
346 3837 415 3886 leave
423 3834 464 3884 his
476 3835 547 3884 19919
558 3834 609 3884 991
621 3838 693 3885 1999-
744 3834 872 3898 daughter
900 3834 960 3884 919
979 3834 1045 3885 soler
1067 3835 1118 3885 and
1138 3834 1183 3885 the
1206 3835 1297 3887 houscs

143 3908 227 3954 ments
244 3902 327 3953 which
344 3903 377 3953 he
399 3901 443 3952 hau
460 3903 494 3966 by
512 3900 552 3951 his
569 3901 694 3965 purohnss
744 3900 836 3951 within
849 3901 893 3951 the
905 3901 1015 3952 courtof
1023 3900 1294 3968 thesamemessuaga

142 3975 169 4021 to
183 3970 394 4020 ahomsoeverhe
407 3967 464 4018 will.
499 3967 560 4018 And
576 3967 638 4031 they
649 3982 694 4031 say
744 3967 805 4018 And
822 3967 867 4017 the
883 3967 936 4018 9911
955 3966 1052 4017 letitia
1072 3984 1155 4018 comes
1171 3969 1221 4018 and
1239 3985 1296 4034 says

142 4038 200 4087 that
217 4037 284 4087 Alau
301 4035 452 4097 Wodeman,
470 4033 546 4084 while
557 4032 590 4084 he
605 4049 655 4084 999
666 4034 694 4084 19
744 4034 790 4084 she
804 4034 826 4084 19
842 4034 868 4083 19
885 4034 967 4084 991999
984 4035 1012 4084 91
1027 4033 1073 4085 the
1090 4035 1215 4085 aforesaid
1232 4051 1295 4087 mee·

142 4099 694 4168 3991991919,ι99191199111,991191119
745 4115 823 4165 snage
854 4101 922 4160 (091.
955 4103 1025 4161 Geta,
1048 4101 1073 4163 1.,
1102 4105 1172 4162 231).
1218 4101 1296 4153 Peter

142 4186 210 4220 same
234 4168 283 4219 will
303 4169 351 4219 1911
370 4173 398 4218 19
421 4168 495 4218 Henr
515 4205 521 4228 ,
542 4166 583 4216 his
605 4182 659 4228 999,
679 4183 695 4216 9
745 4166 889 4217 Wodeman
901 4168 1068 4218 9999999991
1077 4167 1116 4218 for
1125 4168 1204 4232 goods
1216 4167 1243 4218 in
1251 4168 1296 4220 the

142 4237 240 4287 certain
252 4251 385 4298 messuage
398 4233 481 4284 which
495 4183 528 4283 he
545 4232 596 4283 had
607 4234 641 4297 by
655 4232 694 4282 his
745 4233 863 4284 Parishes
881 4234 908 4283 91
928 4233 971 4284 All
991 4233 1084 4294 891919,
1102 4233 1244 4285 1199999119
1261 4251 1295 4286 99

141 4304 273 4367 purchase.
308 4302 370 4353 And
389 4300 451 4366 they
470 4316 514 4365 say
531 4299 589 4350 that
609 4299 694 4360 Peter,
745 4299 1250 4366 99999999919999991999
1268 4302 1296 4352 in

142 4371 247 4420 999991
268 4369 325 4419 heir
345 4368 372 4417 91
389 4368 435 4418 the
456 4367 508 4416 said
528 4365 595 4417 Alan
616 4366 694 4417 after·
746 4366 879 4418 2411191.
893 4367 915 4418 Ι.
930 4368 1296 4433 (19989191191199119991,

142 4437 210 4487 ward
239 4438 273 4503 by
310 4435 388 4488 999199
416 4435 444 4486 91
473 4432 547 4485 novel
575 4432 695 4485 disseisen
748 4436 843 4496 los-1).
