2956 4988
294 487 408 566 rossan
430 487 529 549 sonu,
552 486 890 546 0000οπ0000οω,
912 466 956 530 40
977 485 1061 530 nar.
1084 486 1139 530 m.
1228 464 1291 530 123

141 642 346 723 maritanda,
362 644 398 708 et
411 644 505 706 terra
519 662 580 706 sua
594 640 686 706 valet
701 639 738 704 in
752 641 821 706 isto
837 640 1003 707 comitatu
1018 639 1053 704 xl
1063 640 1118 704 m'.
1163 639 1295 705 Dicunt

143 730 248 795 etiam
264 731 352 814 quod
367 729 483 815 Agnes
499 729 540 796 de
557 728 657 796 Wesc
680 727 691 767 ¹
708 727 811 794 estin
833 728 1018 793 donatione
1033 726 1163 792 domini
1177 727 1295 812 Regis,

143 819 179 881 et
194 821 247 883 est
262 817 464 896 maritanda,
482 820 534 882 set
557 816 599 881 de
615 751 727 880 vellere
748 822 848 881 terrae
871 837 939 879 suae
951 814 1118 880 nesciunt.
1164 816 1295 880 Dicunt

143 903 248 968 etiem
264 905 353 988 quod
379 903 501 983 Alicia,
518 925 590 987 quae
613 902 684 967 fuit
707 924 792 967 uxor
817 902 966 968 Galfridi
997 901 1157 986 Scrayde,
1180 905 1234 966 est
1257 900 1295 964 in

142 991 328 1059 donatione
353 990 482 1056 domini
506 990 622 1078 Regis,
648 993 684 1055 et·
709 994 762 1055 est
784 990 947 1054 maritata
976 992 1012 1054 et
1049 989 1209 1054 nesciunt
1233 1009 1295 1074 per

144 1099 256 1164 quem.

209 1232 395 1299 Nicholaus
406 1232 449 1297 de
464 1230 628 1312 Grawell’,
644 1231 814 1297 Robertus
829 1229 981 1312 Loveles,
998 1230 1169 1297 Henricus
1186 1207 1296 1296 Scoti·
1404 1227 1405 1230 ’

143 1339 214 1401 cue,
245 1320 431 1385 Waldeuus
461 1319 502 1384 de
532 1319 717 1397 Bremton'‚
749 1318 867 1384 Simon
896 1319 1008 1403 Jagge
1038 1319 1080 1383 de
1110 1317 1295 1400 Doxeford,

144 1405 283 1472 Oostrik
312 1408 354 1474 de
383 1406 599 1491 Brompdon',
631 1408 667 1470 et
692 1405 862 1470 Robertus
892 1404 968 1470 Joie
992 1408 1112 1491 captus
1139 1407 1207 1489 (sic)
1233 1426 1296 1491 pro

144 1493 335 1579 suspicione
364 1493 534 1559 latrocinii
565 1495 729 1559 venerunt
748 1496 784 1557 et
809 1491 965 1559 defendit
985 1494 1054 1577 (sic)
1078 1492 1296 1558 latrocinium

145 1585 181 1647 et
195 1585 319 1663 totum,
335 1585 370 1648 et
384 1585 517 1666 ponunt
540 1600 575 1645 se
598 1601 699 1665 super
715 1580 862 1665 patriam
885 1580 1031 1645 debono
1054 1582 1089 1647 et
1105 1580 1204 1645 malo.
1250 1580 1297 1644 Et
1401 1629 1403 1635 .

143 1668 316 1753 juratores
330 1672 365 1734 et
377 1675 522 1752 quatuor
531 1666 655 1732 villatae
667 1666 923 1752 propinquiores
938 1666 1057 1731 dicunt
1073 1687 1174 1752 super
1185 1687 1296 1731 sacra-

145 1759 298 1821 mentum
315 1777 413 1820 suum
429 1755 518 1838 quod
533 1751 685 1838 praedicti
704 1751 886 1833 Robertus,
903 1754 1083 1835 Henricus,
1097 1754 1294 1834 Waldeuus,

145 1845 182 1908 et
198 1843 316 1908 Simon
339 1842 454 1909 fideles
478 1847 558 1906 sunt
581 1845 615 1906 et
630 1841 667 1904 in
689 1841 784 1905 nullo
807 1840 991 1926 culpabiles
1007 1842 1048 1908 de
1065 1841 1177 1925 aliquo
1194 1841 1295 1906 mele·

144 1930 249 2011 fecto,
262 1930 339 1997 ideo
354 1929 433 1994 inde
449 1929 567 2013 quieti.
612 1929 658 1991 Et
672 1928 714 1994 de
728 1927 899 2013 praedictis
914 1928 1081 1994 Nicholao
1097 1934 1131 1993 et
1146 1929 1296 1994 Roberto

145 2018 242 2102 Joye,
269 2017 387 2082 dicunt
428 2037 528 2100 super
569 2021 817 2081 sacramentum
860 2037 958 2079 suum
999 2016 1088 2099 quod
1114 2016 1296 2100 praedictus

146 2104 333 2169 Nicholaus
356 2104 397 2168 de
420 2102 571 2168 Oravvell'
588 2101 766 2187 culpabilis
789 2105 843 2166 est
865 2103 906 2166 de
933 2109 1080 2186 quatuor
1102 2102 1295 2168 bidentibus

144 2191 284 2271 furatis,
307 2195 341 2257 et
367 2191 537 2256 Robertus
558 2190 643 2274 Joye
668 2189 833 2253 simileter
857 2189 899 2254 de
915 2190 1059 2273 quodam
1078 2210 1163 2274 equo
1178 2191 1295 2254 furato

147 2284 182 2345 et
208 2278 285 2342 aliis
311 2277 510 2356 latrociniis,
531 2276 618 2356 ideo,
643 2277 721 2341 etc.5²
766 2275 898 2340 Catella
919 2276 1061 2342 Roberti
1086 2277 1171 2362 Joye
1194 2299 1237 2342 xv
1259 2277 1296 2358 e’,

147 2365 238 2432 unde
253 2366 436 2431 vicecomes
445 2364 658 2449 respondeat.
704 2362 837 2428 Catella
850 2364 1003 2449 praedicti
1012 2363 1170 2430 Nicholei
1185 2364 1296 2445 xxve'‚

147 2452 237 2519 idem
251 2453 436 2519 vicecomes
450 2452 664 2536 respondeat.

211 2616 234 2680 J
236 2620 389 2681 uratores
410 2616 620 2699 preesentant
649 2613 739 2697 quod
759 2613 926 2678 Ricardus
956 2614 999 2678 de
1028 2614 1192 2695 Houton'‚
1216 2615 1296 2679 dum

147 2703 217 2767 1011
231 2702 375 2768 ballivus
398 2701 562 2767 Willelmi
592 2702 633 2767 de
658 2700 830 2781 Velencia,
846 2701 970 2766 levavit
988 2722 1093 2766 novas
1117 2705 1298 2766 consuetu·

148 2790 244 2857 dines
275 2794 309 2856 et
338 2788 423 2856 fecit
453 2808 645 2853 warennam
674 2788 711 2851 in
741 2807 829 2871 aqua
858 2788 1007 2871 ejusdem
1037 2788 1212 2866 Willelmi,
1238 2788 1298 2855 ubi
1335 2867 1336 2871 Ἰ

148 2877 277 2942 nullam
298 2896 492 2941 warennam
506 2875 629 2941 habere
641 2874 815 2941 consuevit
831 2895 893 2939 neo
908 2875 1019 2941 adhuc
1041 2876 1146 2942 habet
1161 2898 1201 2942 ex
1217 2896 1295 2941 con·
1359 2931 1360 2936 ,

149 2964 299 3031 cessione
321 2962 451 3028 domini
472 2961 585 3049 Regis,
602 2965 637 3026 et
660 2960 751 3046 oepit
769 2962 810 3025 de
833 2961 986 3028 Waltero
1001 2963 1127 3047 Mogge
1150 2962 1297 3047 quinque

149 3051 272 3117 solidos
287 3071 349 3137 pro
372 3049 517 3134 quodam
538 3049 651 3134 lepore
674 3053 774 3132 capto
789 3049 826 3111 in
849 3049 949 3114 horto
964 3048 1117 3134 ejusdem
1141 3050 1295 3115 Walteri.

149 3138 278 3204 Dicunt
293 3137 398 3205 etiam
413 3138 501 3220 quod
516 3136 606 3201 idem
620 3135 787 3200 Ricardus
799 3135 889 3221 cepit
901 3136 943 3200 ab
958 3135 1035 3201 Ada
1050 3136 1120 3201 filio
1132 3136 1296 3204 Willelmi

148 3228 189 3291 de
205 3224 399 3304 Βο000100,8
418 3223 475 3307 qui
496 3224 590 3288 venit
605 3222 647 3287 ad
663 3223 776 3287 averia
790 3222 1056 3308 replegiandum,
1074 3227 1109 3288 et
1124 3224 1236 3310 ipsum
1259 3225 1296 3289 in

150 3314 248 3398 cippo
277 3312 402 3398 posuit,
434 3330 606 3395 quousque
629 3310 731 3374 finem
753 3310 838 3375 fecit
864 3330 941 3375 cum
970 3331 1009 3376 eo
1031 3331 1092 3396 per
1121 3310 1297 3376 dimidiam

149 3421 306 3465 marcam.
351 3398 481 3463 Dicunt
496 3396 601 3462 etiam
616 3397 705 3480 quod
714 3395 803 3461 idem
814 3397 981 3462 Ricardus
997 3398 1087 3482 cepit
1102 3399 1298 3465 Hutredum

148 3487 366 3554 forestarium
381 3485 518 3549 Thomae
532 3484 574 3548 de
590 3483 782 3567 Hylderton
801 3484 895 3548 inira
909 3488 1018 3550 metas
1037 3487 1079 3550 de
1095 3485 1296 3551 Middelton'

150 3578 186 3642 et
200 3575 299 3639 duxit
313 3573 425 3660 ipsum
441 3571 531 3657 apud
542 3570 800 3650 Hertesheved,⁴
809 3575 845 3636 et
859 3571 907 3636 ibi
922 3571 1041 3656 ligavit
1057 3572 1100 3637 ad
1115 3578 1247 3658 postem
1262 3577 1298 3639 et

149 3683 218 3727 non
233 3660 388 3746 permisit
403 3681 480 3725 eum
494 3657 681 3743 replegiare
704 3678 876 3743 quousque
891 3659 1071 3744 praedictus
1086 3659 1233 3726 Thomas
1255 3662 1298 3726 de

151 3745 343 3814 Hilderton'
361 3748 463 3812 finem
485 3745 569 3810 fecit
585 3765 661 3809 cum
680 3743 753 3829 ipso
771 3746 917 3812 Ricardo
932 3767 993 3831 per
1007 3750 1152 3829 quatuor
1167 3769 1297 3814 marcas

149 3858 211 3922 pro
239 3835 399 3922 predicto
430 3832 579 3899 Uctredo
610 3830 838 3913 deliberando,
868 3837 904 3898 et
932 3834 1046 3919 plures
1076 3834 1161 3900 alies
1188 3837 1299 3921 prisas

184 4011 193 4042 ¹
210 4008 336 4076 Agnesde
343 4006 435 4072 Veecy,
444 4005 503 4059 dau.
513 4007 540 4058 01
546 4004 701 4058 Williemde
778 4005 788 4038 ²
805 4006 839 4058 In
856 4006 901 4059 the
916 4007 1019 4074 mergis
1040 4007 1061 4059 is
1082 4007 1172 4059 “m''
1188 4010 1298 4061 100000·

151 4078 263 4139 Ferrea,
279 4075 341 4127 Euri
352 4075 380 4126 01
395 4073 492 4139 Derby,
507 4073 559 4124 end
575 4073 664 4124 vidov
676 4073 703 4123 01
742 4079 824 4140 penei.

151 4144 266 4196 William
284 4142 315 4193 de
335 4140 427 4207 Veeoy.
462 4141 505 4192 On
516 4140 562 4192 the
581 4139 658 4191 death
676 4140 704 4190 01
779 4139 832 4192 'A
843 4156 901 4192 sum
912 4140 940 4191 01
950 4156 1043 4205 money
1054 4140 1162 4192 omitted
1172 4141 1241 4194 here.

150 4210 269 4264 Willism
280 4209 312 4260 de
322 4207 416 4272 vescy,
428 4206 474 4259 the
485 4206 613 4271 wardship
621 4206 649 4257 01
660 4205 703 4257 hi
781 4206 935 4274 ⁴Prebebly
976 4206 1100 4259 Harteide
1129 4206 1158 4258 in
1190 4207 1299 4274 Ingrsm

151 4294 196 4331 son
219 4273 456 4337 00111ομ10110,
478 4289 528 4325 vves
551 4273 660 4338 granted
676 4276 704 4322 tc
747 4273 847 4325 Perish.

151 4345 237 4407 Peter,
259 4343 286 4393 ol
308 4343 397 4407 Savoy.
431 4339 504 4391 John
526 4339 586 4390 died
608 4339 636 4390 in
658 4338 705 4390 the

151 4411 223 4476 Holy
234 4408 315 4470 Iand,
326 4407 377 4459 and
398 4421 449 4458 vae
466 4405 605 4460 succeeded
616 4407 651 4471 by
665 4405 706 4456 his

151 4477 258 4531 brother
269 4474 394 4527 Willism.
