2956 4988
320 454 919 516 1661616011,110611111116611111111,
944 435 962 500 7
986 457 1120 502 611161.
1233 434 1295 500 24?

148 608 290 673 Rcberti
311 613 347 675 et
370 609 542 690 Susanna,
559 615 593 675 et
614 610 681 696 ipsi
703 613 823 695 postea
841 611 883 678 de
905 611 1040 696 seysina
1062 631 1124 676 sua
1145 609 1296 675 factave-

149 701 230 761 runt
246 696 325 761 inde
342 698 518 780 quemdam
530 699 552 763 J
554 719 681 778 oceum,
699 698 861 762 villanum
875 698 1029 782 praedicti
1040 698 1133 778 Adae,
1149 718 1210 782 per
1224 717 1297 762 ear-

148 787 221 848 tam
236 783 386 868 ipserum
408 785 550 849 Roberti
565 788 601 849 et
626 785 798 865 Susanna,
815 789 850 850 et
870 785 983 870 ipsum
1002 785 1082 849 inde
1104 785 1141 848 in
1164 784 1298 870 seysina

149 874 345 956 posuerunt.
391 872 437 935 Et
460 875 539 957 post
569 872 737 957 seysinam
760 871 914 957 praedicti
938 873 961 937 J
963 872 1035 938 ocei
1055 873 1104 938 sic
1128 872 1297 956 adeptam,

148 958 328 1044 pradictus
343 957 454 1022 Adam
477 959 615 1044 seysivit
637 963 835 1025 tenementa
848 959 909 1024 illa
929 960 967 1023 in
985 981 1124 1024 manum
1139 980 1236 1024 suam
1258 961 1299 1023 ut
1384 1025 1386 1031 ,

148 1045 373 1132 perquisitum
388 1045 506 1111 villani
522 1046 585 1111 6111.
631 1047 677 1110 Et
689 1046 778 1131 quod
793 1046 844 1111 ita
859 1045 916 1127 sit,
932 1050 1056 1131 petunt
1070 1047 1161 1131 quod
1182 1046 1296 1129 inqui-

150 1137 255 1213 ratur,
272 1137 336 1198 etc.

213 1221 260 1283 Et
290 1220 457 1286 Rebertus
487 1221 529 1284 de
552 1220 719 1286 Fatudon'
742 1226 777 1286 et
804 1221 960 1286 Susanna
986 1221 1106 1286 dicunt
1124 1221 1214 1306 quod
1232 1220 1298 1305 ipsi

148 1309 351 1374 dimiserunt
372 1308 532 1392 praedicta
557 1312 752 1374 tenementa
769 1308 930 1393 praedicto
945 1308 1027 1373 Adae
1048 1309 1092 1373 ad
1114 1309 1299 1373 terminum

149 1396 206 1480 qui
221 1394 394 1480 praeteriit.
439 1396 486 1459 nt
497 1395 586 1478 quod
598 1416 783 1478 nunquam,
799 1400 878 1480 post
892 1395 1092 1481 praedictum
1102 1396 1297 1476 terminum,

148 1483 322 1548 redierunt
337 1483 373 1545 in
389 1483 557 1566 seysinam
568 1483 752 1547 eorundem
767 1486 1039 1548 tenementorum
1060 1504 1122 1548 nec
1137 1503 1298 1567 umquam

148 1570 347 1722 prpdiptum
362 1569 602 1720 Jopeurptingle
624 1570 848 1720 {enitueruntt
860 1591 922 1636 nec
945 1570 1245 1721 aliquamtcartam
1253 1570 1300 1722 ἐξ

148 1679 185 1720 1n
210 1678 228 1721 6
275 1677 425 1721 ecerun.
577 1677 595 1720 6
648 1677 689 1722 oc
738 1676 831 1722 onan
874 1679 908 1723 se
933 1679 973 1722 611
998 1679 1034 1723 61
1079 1679 1100 1721 a
1118 1679 1213 1722 nam.

149 1745 314 1809 Ricardus
326 1747 361 1809 et
376 1743 548 1827 Margaria
564 1679 737 1808 similiter?
777 1744 861 1809 Ideo
877 1679 1032 1809 1161111116
1048 1681 1175 1829 1111111111,
1191 1750 1254 1809 etc.

213 1832 235 1896 J
238 1836 389 1897 aratores
405 1831 524 1895 dicunt
539 1852 639 1914 super
654 1835 904 1895 sacramentum
921 1853 1020 1896 61111111
1035 1833 1124 1916 quod
1146 1831 1300 1916 praedicti

149 1919 315 1984 Ricardus
324 1923 359 1982 et
370 1918 528 1982 Susanna
538 1939 713 2001 nunquam
721 1918 939 1984 feofaverunt
950 1919 1149 2003 praedictum
1159 1920 1300 1984 Joeeum

149 2008 191 2072 de
227 2005 387 2089 praedicte
417 2004 591 2089 mesuagio
617 2009 652 2071 et
681 2005 864 2070 medietate
880 2007 1129 2090 praedictarum
1157 2007 1300 2070 duarum

149 2094 346 2159 bovatarum
355 2095 464 2171 terrae,
474 2091 578 2155 immo
589 2091 691 2158 iidem
704 2092 871 2158 Ricardus
884 2097 919 2156 et
930 2093 1087 2158 Susanna
1098 2093 1302 2157 dimiserunt

150 2202 190 2245 ea
211 2180 371 2264 praedicto
386 2178 469 2243 Adae
484 2179 527 2242 ad
542 2179 726 2243 terminum
741 2180 799 2263 qui
818 2180 993 2263 praeteriit.
1039 2181 1086 2243 Et
1100 2180 1176 2246 ideo
1191 2181 1300 2246 consi-

149 2269 303 2334 deratum
323 2266 480 2349 estquod
501 2266 655 2350 praedieti
678 2267 847 2332 Rebertus
863 2272 898 2331 et
923 2267 1080 2331 Susanna
1102 2270 1303 2352 recuperent

150 2357 319 2440 seyeinam
340 2375 436 2417 suam
452 2353 493 2417 (16
515 2353 686 2437 pradictis
701 2354 884 2438 mesuagiis
900 2358 936 2418 et
958 2355 1140 2421 medietate
1162 2354 1301 2439 praedic·

148 2448 262 2507 tarum
278 2442 421 2506 duarum
444 2440 641 2504 bovatarum
656 2444 756 2506 terrae
771 2462 886 2505 versus
907 2441 1092 2506 Ricardum
1108 2445 1144 2506 et
1166 2444 1301 2526 Marge-

149 2529 245 2610 riam‚
266 2531 302 2593 et
327 2528 393 2612 ipsi
416 2527 452 2590 in
473 2527 560 2592 mis'.
606 2529 652 2591 nt
678 2529 760 2612 quia
783 2528 945 2612 praedieta
968 2532 1166 2594 tenementa
1192 2530 1303 2614 petita

149 2618 291 2681 fuerunt
305 2616 341 2679 in
358 2615 529 2679 communi
543 2636 659 2679 versus
674 2616 853 2700 praedictos
869 2615 1065 2695 Ricardum,
1081 2616 1300 2701 Margeriam,

149 2704 347 2782 Robertum‚
371 2705 406 2766 et
430 2701 646 2781 Oristiauam,
674 2705 709 2766 et
735 2703 837 2766 iidem
864 2702 1032 2767 Ricardus
1060 2707 1095 2766 et
1119 2703 1301 2788 Margeria,

150 2813 232 2877 quos
255 2789 407 2875 praedieti
427 2788 595 2853 Rebertus
607 2791 642 2855 et
658 2789 828 2854 Cristiana
844 2794 967 2854 vocant
984 2791 1028 2854 ad
1044 2793 1251 2855 warrantum
1267 2795 1304 2856 et

149 2881 208 2963 qui
234 2879 282 2945 616
305 2876 546 2940 warrantizant
572 2876 768 2960 praedictam
793 2877 933 2940 tertiam
962 2881 1095 2961 partem
1121 2884 1161 2941 ut
1188 2878 1302 2943 dotem

149 2967 256 3052 ipsius
272 2963 451 3029 Cristianee
467 2963 508 3027 de
523 2963 698 3029 dotatione
713 2964 866 3048 praedicti
881 2964 974 3042 Adae,
991 2963 1093 3048 primi
1108 2965 1172 3029 viri
1195 2964 1302 3049 ipsius

150 3053 338 3130 Cristianaa
360 3050 458 3135 eujus
483 3051 622 3115 heredes
643 3050 745 3114 iidem
760 3051 927 3116 Ricardus
954 3055 990 3115 et
1014 3051 1186 3136 Margeria
1211 3055 1303 3131 suut,

151 3141 234 3204 duas
263 3143 377 3224 partes
401 3137 568 3221 praedictae
590 3141 688 3201 terroe
710 3160 771 3222 per
798 3139 949 3222 juratam
972 3137 1074 3202 istam
1104 3138 1303 3220 amiserim,

116 3249 122 3260 ’
152 3226 400 3293 consideratum
416 3225 571 3308 estquod
586 3224 737 3309 praedicti
751 3225 920 3289 Robertus
936 3231 971 3290 et
986 3225 1160 3290 Cristiana
1174 3226 1304 3290 nullam

150 3313 438 3399 recuperationem
461 3311 610 3378 habeant
625 3329 740 3376 versus
756 3313 935 3397 praedictos
957 3312 1139 3376 Ricardum
1155 3318 1190 3378 et
1212 3313 1302 3378 Mar-

151 3402 279 3488 geriam
308 3400 419 3484 quoad
446 3399 643 3484 praedictam
672 3400 811 3464 tertiam
836 3404 979 3484 partem,
1019 3420 1120 3483 quam
1150 3400 1303 3484 praedicti

152 3489 318 3554 Robertus
334 3490 369 3551 et
385 3485 557 3551 Cristiana
571 3486 825 3566 warrantizant‚
842 3490 907 3551 etc.

215 3625 335 3690 Assisa
350 3624 443 3687 venit
467 3623 684 3708 recognitura
708 3623 737 3687 si
761 3623 931 3688 Rcbertus
954 3623 1043 3688 filius
1068 3625 1197 3710 Rogeri
1221 3623 1303 3691 Luc’

152 3713 193 3777 (16
219 3711 500 3798 Kybbelleswrth'
522 3713 557 3775 et
581 3710 691 3774 Adam
714 3710 756 3775 de
779 3710 959 3775 Rilleston’
976 3711 1117 3796 injuste,
1135 3715 1211 3792 etc,
1234 3713 1304 3777 (116-

152 3799 351 3867 seisiverunt
366 3797 576 3862 Willelmum
599 3797 706 3862 filium
721 3797 804 3861 Adae
819 3798 861 3862 de
877 3819 1058 3864 commune
1072 3803 1219 3884 paaturae
1235 3820 1304 3864 suae

152 3887 189 3950 iu
213 3886 433 3970 Routhebyr’‚
456 3907 528 3968 quae
551 3883 702 3970 pertinet
720 3885 764 3949 ad
784 3884 929 3950 liberum
949 3888 1182 3952 tenementum
1205 3908 1304 3950 suum

152 3975 188 4037 in
208 3974 324 4038 eadem
345 3972 437 4052 villa,
456 3975 534 4056 post
551 3973 706 4056 primam,
726 3975 790 4037 ete.
848 3972 894 4035 Et
917 3973 1008 4037 unde
1035 3973 1189 4057 queritur
1214 3973 1303 4058 quod

152 4061 418 4144 disseysiverunt
442 4080 520 4123 eum
548 4060 589 4125 de
610 4080 790 4124 commune
807 4064 955 4143 pastura
985 4059 1022 4123 in
1054 4066 1190 4125 centum
1218 4060 1305 4127 acris

151 4169 251 4213 morae
273 4152 309 4213 et
324 4145 504 4231 bruseeyae¹
521 4146 557 4209 in
572 4145 692 4229 quibus
713 4167 929 4211 communare
950 4146 1079 4213 solebat
1102 4168 1178 4212 eum
1197 4148 1306 4212 omni·

153 4237 260 4301 medis
290 4235 410 4301 averiis
443 4233 512 4297 61116
541 4253 601 4317 per
628 4237 742 4297 totum
776 4256 913 4313 annum,
938 4239 1001 4299 etc.
1057 4235 1104 4298 Et
1138 4235 1306 4299 Rcbertus

153 4323 247 4389 venit
272 4327 307 4390 et
335 4319 511 4406 respondit
536 4340 597 4404 pro
621 4341 657 4386 66
688 4324 722 4384 et
747 4320 904 4387 omnibus
932 4320 1019 4402 111116,
1043 4326 1079 4388 et
1108 4321 1191 4387 dicit
1218 4323 1306 4406 quod

568 4464 575 4497 ¹
593 4466 644 4518 For
655 4468 767 4532 auara,
779 4469 806 4520 of
818 4469 898 4520 farae.
