2956 4988
272 458 388 520 assmn
409 460 508 520 noun,
532 459 871 533 nonrnuunnnmnn,
896 438 937 502 53
961 458 1045 518 nau,
1069 458 1127 504 111.
1215 436 1279 502 173

123 612 222 694 siam,
249 635 324 699 qua
348 613 419 716 fuit
444 635 532 680 uxor
559 613 718 715 Falconis
748 612 789 678 dc
815 612 1049 700 Tybbcuham,
1079 612 1281 698 participem

121 702 538 855 lltmlltlllhlllt
559 700 1280 873 {tltallflzpltllltltltllph

123 875 198 961 ipso
216 878 349 962 Rogero
364 877 406 941 de
421 879 513 941 un0.¹

190 1013 391 1114 Raclulphus
424 1014 629 1117 hovedunan
658 1017 694 1078 et
718 1013 842 1093 Aliena,
867 1035 952 1079 uxor
982 1017 1064 1115 ejus,
1093 1017 1128 1079 et
1151 1014 1280 1099 Agnes,

123 1100 1281 1274 elatutetltulhlthhlthtyltlfhlslt

124 1280 159 1340 et
182 1296 218 1340 sc
241 1280 467 1355 retraxerunt,
484 1275 560 1340 ideo
584 1275 649 1360 ipsi
673 1280 709 1341 et
727 1275 832 1360 plegii
856 1274 909 1340 sui
928 1276 969 1340 de
989 1277 1222 1361 prosequendo
1245 1275 1281 1339 in

123 1364 211 1442 mis’‚
229 1362 369 1439 scilicet,
386 1364 491 1448 Hugo
506 1362 597 1427 filius
609 1363 692 1427 Adae
704 1363 745 1427 de
757 1362 949 1427 Aldisheles
965 1367 1000 1427 et
1015 1363 1147 1427 Alanus
1163 1363 1281 1448 junior

125 1451 167 1515 de
182 1449 380 1534 Corbrigge.
1039 1455 1043 1464 '

189 1587 357 1672 Magister
384 1586 496 1651 Adam
526 1587 567 1651 de
602 1585 803 1665 Bokenfeld,
834 1587 1002 1671 Magister
1038 1586 1209 1653 Robertus
1239 1588 1281 1653 de

124 1674 270 1755 Hedon'‚
286 1677 322 1741 et
337 1674 483 1738 Thomas
496 1674 537 1738 de
550 1673 692 1758 Stagna
704 1673 933 1758 assignatores
946 1675 1082 1739 Thomae
1098 1674 1280 1756 decusare,

125 1762 325 1847 optulerunt
344 1783 379 1827 se
402 1783 517 1826 versus
540 1760 760 1845 Radulphum
776 1762 817 1825 de
834 1761 967 1846 Gaugy,
984 1762 1025 1826 de
1048 1762 1173 1846 placito
1189 1763 1280 1845 quod

123 1853 241 1914 teneat
267 1849 316 1913 eis
347 1848 605 1914 conventionem
628 1848 759 1913 factam
791 1848 883 1912 inter
909 1849 1021 1933 ipsum
1050 1849 1215 1914 Thomam
1245 1853 1281 1915 et

123 1935 322 2021 praedictum
345 1935 573 2019 Radulphum,
586 1936 628 1999 de
650 1935 833 2001 medietate
848 1936 990 2002 manerii
1007 1937 1048 2000 de
1069 1936 1280 2022 Cramcling-

123 2024 195 2088 ton'
223 2042 300 2088 cum
323 2023 549 2107 pertinentiis.
591 2023 638 2085 Et
661 2022 733 2107 ipse
759 2044 829 2087 non
856 2023 960 2103 venit,
985 2028 1019 2088 et
1045 2023 1171 2108 pluries
1196 2024 1281 2088 iecit

123 2111 299 2190 defaltum,
336 2111 412 2174 idco
441 2112 646 2194 praeccptum
677 2114 730 2173 est
754 2109 942 2175 vicecomiti
972 2112 1062 2194 quod
1092 2111 1280 2196 distringat

123 2197 234 2282 ipsum
264 2219 324 2281 per
352 2218 469 2261 omncs
498 2202 618 2277 terras,
635 2200 711 2275 etc,
739 2201 775 2260 et
791 2197 879 2280 quod
900 2199 942 2261 de
957 2197 1115 2277 exitibus,
1141 2204 1217 2276 etc,
1244 2202 1280 2263 et

123 2285 214 2370 quod
237 2284 362 2349 habeat
390 2305 509 2368 corpus
537 2284 613 2369 ejus
627 2283 665 2347 in
681 2283 819 2350 Octabis
846 2284 964 2350 Sancti
988 2284 1165 2350 Michaelis
1190 2287 1281 2370 apud

123 2372 363 2458 Lcycestriam.

187 2510 319 2574 Alanus
335 2510 376 2574 de
392 2508 546 2575 Calewell
562 2509 650 2593 petit
664 2530 779 2575 versus
790 2508 959 2574 Abbatem
976 2509 1017 2573 dc
1029 2508 1126 2574 Novo
1142 2509 1280 2575 Monas·

123 2598 210 2662 terio
226 2598 404 2682 sexaginta
420 2618 514 2662 acras
531 2600 629 2660 terrae
643 2617 721 2660 cum
736 2596 951 2680 pertinentiis
967 2596 1003 2658 in
1017 2596 1153 2663 Rothel'
1168 2600 1209 2661 ut
1222 2598 1280 2683 jus

124 2707 223 2750 suum
249 2706 309 2769 per
338 2685 436 2751 breve
463 2684 504 2750 de
530 2684 695 2768 ingressu.
752 2684 797 2746 Et
827 2682 952 2760 Abbas,
980 2705 1040 2767 per
1065 2688 1279 2749 attornatum

124 2794 233 2852 suum,
249 2772 343 2837 venit
368 2776 403 2835 et
430 2771 513 2835 dicit
537 2772 626 2855 quod
652 2792 720 2834 non
743 2773 857 2854 potest
873 2770 961 2834 eiad
987 2772 1052 2836 hoc
1078 2771 1177 2835 breve
1200 2772 1279 2838 inde

123 2859 334 2944 respondere,
361 2858 442 2942 quia
467 2858 550 2923 dicit
573 2858 662 2941 quod
689 2857 808 2936 solum,
828 2857 919 2941 quod
943 2858 1122 2942 praedictus
1149 2858 1279 2925 Alanus

124 2946 239 3031 posuit
253 2947 289 3009 in
305 2946 380 3010 visu
395 2966 466 3024 suo,
483 2948 536 3009 est
557 2966 737 3009 commune
758 2948 906 3028 pasturae
922 2949 957 3010 et
972 2965 1150 3010 commune
1171 2945 1279 3010 solum

122 3033 188 3117 ipsi
212 3039 248 3100 et
274 3033 408 3098 cuidam
431 3033 617 3098 Dunecano
641 3033 683 3097 de
710 3030 930 3116 Wytheslad',
960 3031 1011 3095 ita
1040 3033 1130 3116 quod
1158 3038 1279 3098 neuter

124 3141 240 3184 eorum
257 3121 323 3185 scit
338 3141 437 3185 suum
462 3119 624 3203 separale.
669 3120 715 3182 Et
730 3119 861 3182 Alanus
877 3139 947 3183 non
973 3121 1084 3202 potest
1108 3120 1172 3185 hoc
1188 3121 1280 3185 dedi-

123 3228 207 3286 cere,
233 3208 308 3272 ideo
332 3207 513 3291 praedictus
540 3206 654 3271 Abbas
677 3206 756 3270 inde
778 3206 850 3269 sine
877 3206 941 3284 die,
959 3210 994 3269 et
1021 3205 1150 3270 Alanus
1173 3207 1280 3273 nichil

124 3294 237 3378 capiat
251 3315 311 3379 per
326 3295 425 3360 breve
439 3293 544 3374 istud,
561 3294 621 3358 sed
636 3293 682 3358 sit
697 3293 733 3356 in
749 3292 824 3357 mis'
840 3313 901 3376 pro
916 3291 1005 3358 falso
1021 3293 1176 3358 clamore.

188 3432 382 3515 Stephanus
405 3430 494 3494 filius
516 3430 674 3515 Hugonis
690 3430 816 3514 optulit
832 3452 866 3496 se
889 3453 1004 3497 versus
1024 3431 1212 3497 Henricum
1238 3434 1280 3499 de

123 3519 306 3585 Berindon’
330 3519 371 3584 de
393 3518 519 3602 placito
540 3518 730 3598 militatis,
754 3519 845 3581 unde
868 3518 957 3584 idem
979 3519 1148 3585 Henricus
1167 3521 1280 3605 ipsum

122 3606 323 3691 implacitat.
338 3693 344 3706 .
369 3605 415 3669 Et
429 3605 503 3705 ipse
519 3626 588 3705 non
603 3605 707 3685 venit,
724 3610 759 3671 et
773 3604 843 3704 tuit
858 3606 1082 3706 petens-ideo·
1099 3608 1279 3691 pradictus

122 3692 415 3934 {liis
428 3692 1279 3865 :sl-²0lutilrhlltlnlhgglttlethu

145 3889 164 3934 e
215 3887 339 3951 aggars
378 3888 423 3930 n.

185 4001 313 4082 Agnes,
343 3996 413 4060 filia
436 3995 573 4061 Thomae
603 3995 665 4059 filii
695 3994 868 4075 Willelmi,
899 4017 973 4078 quae
998 3995 1082 4062 tulit
1111 3998 1210 4063 breve
1237 4000 1278 4066 de

121 4086 287 4150 naivitate
302 4104 418 4147 versus
433 4083 618 4146 Ricardum
641 4083 682 4148 de
707 4082 871 4166 Alnewyk
886 4093 921 4148 et
937 4082 1020 4147 alios
1035 4083 1072 4146 in
1087 4084 1193 4165 brevi,
1208 4107 1277 4151 non

123 4177 177 4240 est
191 4174 381 4257 prosecuta,
397 4171 474 4234 ideo
489 4170 564 4253 ipsa
579 4173 614 4233 et
634 4169 737 4253 plegii
754 4170 806 4233 sui
830 4170 871 4232 de
892 4171 1124 4254 prosequendo
1139 4171 1174 4234 in
1190 4174 1278 4256 mis'‚

123 4260 261 4339 scilicet,
291 4258 467 4324 Johannes
499 4258 539 4323 de
569 4256 714 4320 Benton'
746 4260 781 4321 et
810 4255 1000 4320 Willelmus
1031 4258 1072 4321 de
1097 4258 1276 4346 Hespcley.

227 4421 230 4425 ’
316 4431 324 4465 ¹
342 4431 412 4486 Scin
424 4429 549 4500 original5
565 4430 610 4483 thc
621 4430 766 4497 beginning
777 4431 804 4482 ol
815 4429 867 4481 this
878 4429 936 4495 plca
946 4429 968 4481 is
979 4445 1012 4481 on
1024 4446 1050 4496 p.
1063 4434 1118 4486 170.
