2956 4988
319 453 436 498 1111111
456 453 558 514 nona,
581 452 925 513 nonrnnmmsn,
949 432 968 498 7
991 453 1081 498 nove.
1104 452 1129 498 1.
1240 431 1307 497 289

154 604 262 690 plene
275 607 399 672 aetatis.
432 608 480 672 ut
494 607 575 692 quia
589 607 678 672 idem
695 606 812 672 Simon
828 607 921 672 visus
935 611 988 673 est
1002 606 1038 672 in
1053 606 1148 674 curia
1162 611 1198 673 91
1212 606 1305 673 inira

153 697 300 845 ἔξω,
315 695 392 760 ideo
405 694 539 780 loquela
554 695 622 760 ista
632 700 808 761 remaneat
817 694 890 760 sine
906 695 961 761 die
976 716 1082 779 usque
1097 695 1141 759 od
1155 699 1302 774 atatem,

218 883 342 949 Jurata
378 885 504 971 viginti
533 889 569 950 et
598 891 745 969 quatuor
774 884 923 950 militum
954 885 998 950 ad
1035 885 1304 952 convincendum

156 970 243 1055 xijs·
257 973 427 1056 juratores
438 973 552 1038 assisae
562 994 654 1037 novae
670 971 866 1051 disseisinae,
877 994 950 1057 qum
965 973 1171 1037 summonita
1185 973 1256 1037 fuit
1269 976 1306 1037 et

155 1065 255 1142 capta
278 1060 334 1124 hic
350 1081 461 1125 eoram
485 1060 696 1145 Gwychardo
717 1060 757 1125 de
782 1059 945 1124 Chamom
970 1066 1005 1124 et
1033 1059 1203 1123 Willelmo
1218 1059 1305 1125 Nor-

153 1144 280 1225 burth',
295 1147 387 1211 inter
400 1147 623 1211 Willelmuml
639 1147 682 1211 de
696 1147 778 1225 Ros,
794 1150 1001 1229 querentem,
1014 1152 1048 1211 et
1063 1147 1250 1211 Robertum
1262 1146 1306 1214 de

153 1231 223 1296 Ros
238 1232 280 1297 de
295 1234 475 1312 Hamelck,
491 1235 679 1300 Robertum
694 1232 800 1297 filium
819 1234 961 1298 Roberti
983 1235 1026 1298 de
1048 1234 1118 1298 Ros
1133 1235 1175 1299 de
1191 1234 1305 1315 Werk,

154 1323 190 1382 et
199 1319 384 1385 Ricardum
399 1322 440 1386 de
452 1322 624 1400 Rovedon,
636 1322 729 1387 venit
740 1321 957 1406 recognitura
968 1320 997 1385 si
1009 1321 1111 1386 iidem
1123 1321 1304 1401 Robertus,

154 1405 333 1487 Robertus,
348 1414 384 1474 et
399 1409 565 1473 sicardus
580 1408 721 1492 injuste,
737 1413 813 1486 etc,
837 1407 1092 1472 disseisiverunt
1107 1409 1305 1492 pradictum

154 1492 363 1560 willelmum
393 1496 435 1561 dc
464 1495 571 1559 libero
601 1501 796 1560 tenemento
826 1515 888 1559 suo
925 1494 960 1557 in
998 1495 1191 1574 Levermue,
1229 1500 1307 1580 post

154 1580 308 1664 primam,
325 1587 389 1648 etc.
434 1584 481 1646 Et
495 1583 585 1648 unde
600 1583 690 1646 idem
705 1582 906 1656 willelmus,
922 1581 1007 1646 alius
1027 1603 1138 1647 coram
1154 1584 1306 1667 prefatis

155 1666 364 1752 Gwyehardo
379 1676 415 1736 91
424 1669 607 1749 Willelmo,
616 1669 818 1754 justiciariis
829 1669 873 1733 ad
882 1670 946 1734 1199
958 1669 1152 1754 assiugatis,
1166 1674 1305 1753 questus

154 1753 224 1817 fuit
239 1756 327 1839 quod
349 1756 502 1841 praedicti
523 1756 703 1836 Robertus,
719 1757 900 1835 Robertus,
917 1762 952 1820 et
973 1756 1140 1821 Ricardus
1155 1757 1304 1822 disseisi·

156 1848 278 1906 verunt
289 1863 366 1906 eum
376 1845 418 1908 dc
431 1844 580 1908 manerio
592 1845 634 1907 de
646 1844 829 1909 Levcrmuc
841 1865 918 1908 91111
928 1843 1153 1927 pertinentiis,
1165 1850 1201 1908 et
1216 1846 1306 1911 unde

158 1929 257 1993 modo
272 1931 427 2013 queritur
442 1932 529 2015 quod
542 1933 710 2016 juratores
722 1930 873 2014 praefatae
885 1929 998 1994 ussisae
1008 1930 1133 1994 falsum
1149 1930 1306 1997 feceruut

156 2022 404 2081 sacramentum
428 2017 462 2081 in
488 2019 561 2096 hoc,
578 2017 667 2101 quod
690 2017 849 2082 dixerunt
865 2019 953 2101 quod
977 2017 1158 2101 praedietus
1174 2016 1306 2083 Willel-

155 2125 230 2167 mus
245 2103 287 2168 de
302 2104 371 2169 Itos
387 2127 560 2188 nunquam
575 2105 645 2168 fuit
660 2104 696 2166 in
713 2104 848 2187 seysina
863 2104 905 2169 dc
927 2104 1088 2188 praedicto
1101 2104 1252 2168 manerio
1266 2109 1305 2169 ut

156 2189 197 2253 de
212 2190 317 2256 libero
331 2195 526 2257 tenemento
542 2213 613 2271 suo,
630 2191 680 2254 ita
696 2191 784 2275 quod
799 2199 913 2274 posset
935 2190 1014 2255 inde
1030 2190 1209 2269 disseisire,
1226 2193 1307 2275 quia

154 2277 239 2341 dicit
268 2279 356 2361 quod
385 2279 457 2363 ipse
486 2279 556 2341 1911
582 2279 660 2343 1119
691 2278 725 2341 11
752 2279 840 2342 bona
864 2283 900 2343 91
925 2278 1065 2362 pacifica
1093 2278 1217 2343 seisina
1247 2301 1308 2380 per

155 2363 404 2430 feofamentum
425 2366 603 2450 cujusdam
630 2365 772 2430 Roberti
796 2366 837 2429 de
861 2366 941 2443 Ros,
962 2366 1070 2449 patris
1085 2365 1193 2449 ipsius
1208 2366 1305 2430 Will-

156 2451 246 2531 elmi,
278 2473 449 2537 quousque
470 2453 622 2537 praedicti
645 2453 813 2517 Robertus
840 2452 881 2518 sle
907 2453 977 2516 Ros
1000 2453 1041 2517 cle
1066 2452 1244 2532 Hamelak,
1272 2457 1308 2518 et

157 2538 325 2604 Robertus
340 2539 428 2604 filius
444 2540 595 2619 Roberti,
612 2543 646 2604 et
661 2539 826 2604 Ricardus
842 2540 953 2623 ipsum
969 2540 1049 2603 inde
1071 2539 1212 2622 injuste,
1229 2544 1306 2619 etc,

156 2625 420 2691 disseisiverunt.
467 2627 512 2689 Et
538 2627 601 2690 hoc
625 2626 713 2710 petit
737 2627 827 2710 quod
853 2625 1047 2709 inquiratur
1071 2646 1133 2710 per
1157 2626 1307 2711 juratum

156 2711 289 2798 xxiiij⁰¹,
305 2717 370 2779 etc.
415 2714 461 2778 111
486 2714 656 2777 Robertus
683 2716 719 2778 et
744 2712 913 2777 Robertus
930 2713 1071 2778 veniunt
1093 2717 1128 2777 et
1153 2712 1310 2780 similiter

156 2798 271 2863 decem
295 2800 467 2884 juratores
491 2801 642 2884 praefatae
665 2800 790 2877 assiste,
806 2800 952 2882 eoquod
968 2800 1034 2864 duo
1050 2800 1217 2865 obierunt.
1263 2802 1309 2865 Et

156 2886 221 2969 ipsi
230 2887 410 2970 juratores,
421 2887 565 2970 quaesiti,
577 2887 675 2971 quale
686 2887 861 2951 recordum
873 2887 1030 2950 fecerunt
1042 2908 1154 2951 eoram
1163 2887 1307 2971 praefato

158 2973 368 3058 Gwychardo
384 2978 419 3037 et
429 2974 611 3053 Willelmo,
624 2975 742 3037 dicunt
757 2973 847 3056 quod
863 2994 973 3038 coram
985 2973 1033 3039 eis
1048 2973 1208 3037 dixerunt
1220 2975 1309 3059 quod

156 3059 293 3142 quidam
318 3061 486 3126 Robertus
509 3062 550 3125 de
574 3061 654 3138 Ros,
669 3066 768 3144 pater
791 3060 944 3144 praedicti
968 3060 1143 3138 willelmi,
1160 3062 1305 3145 quodam

156 3147 211 3210 die
225 3147 368 3211 Veneris
388 3147 477 3212 circa
503 3148 621 3211 horam
645 3148 792 3226 tertiam,
808 3169 867 3231 per
883 3147 1060 3231 quemdam
1085 3147 1307 3212 senescallum

157 3254 267 3311 suum,
283 3234 305 3296 J
307 3234 476 3298 ohannem
491 3235 532 3298 de
549 3233 715 3314 Herlawe,
732 3234 846 3318 posuit
868 3235 979 3317 ipsum
1000 3233 1206 3298 Willelmum
1229 3235 1309 3300 inde

157 3321 194 3383 in
220 3322 363 3406 seysina‚
389 3326 424 3384 91
447 3321 536 3384 idem
563 3321 742 3399 Robertus,
760 3322 842 3384 hora
868 3320 1027 3405 ignitegii
1052 3320 1204 3405 ejusdem
1230 3322 1309 3402 diei,

156 3407 251 3471 obiit.
315 3409 357 3471 Et
382 3407 541 3472 dixerunt
567 3409 655 3491 quod
683 3408 771 3473 idem
801 3407 993 3471 Willelmus
1019 3408 1186 3493 seysinam
1215 3408 1308 3474 illam

157 3494 370 3558 continuavit
431 3496 544 3560 acifice
573 3516 633 3579 per
663 3515 782 3558 novem
813 3494 883 3557 dies
915 3500 1104 3578 sequentes,
1136 3517 1309 3580 quousque

156 3581 384 3645 Exchaetores
406 3517 533 3644 19111111
554 3581 659 3666 Regis
674 3581 734 3645 illa
749 3582 959 3666 seysiverunt
974 3581 1010 3643 in
1027 3603 1165 3645 manum
1182 3583 1309 3647 domini

157 3668 271 3752 Regis.
318 3669 363 3731 Et
387 3668 616 3732 Exchaetores
642 3680 760 3751 postea
775 3689 836 3751 per
859 3671 1003 3751 quatuor
1024 3670 1080 3746 m',
1103 3690 1185 3751 quas
1210 3670 1310 3735 amici

157 3754 264 3838 ipsius
292 3755 455 3820 Willelmi
478 3755 527 3819 eis
552 3755 730 3834 dederunt,
756 3755 864 3818 eidem
892 3754 1063 3820 Willelmo
1091 3756 1310 3821 reddiderunt

158 3842 327 3926 seysinam
358 3863 454 3905 suam
492 3842 533 3905 de
571 3842 698 3906 eisdem
730 3841 947 3919 tenementis,
984 3846 1036 3905 set
1067 3849 1183 3905 utrum
1219 3843 1308 3908 11911

157 3928 349 3994 Willelmus
386 3928 457 3992 fuit
491 3928 692 4006 disseisitus,
727 3949 843 4005 1199119,
878 3928 942 3992 hoc
973 3928 1208 4012 relinquerunt
1242 3930 1309 3996 dis-

157 4016 300 4079 cretioni
326 4015 562 4099 pradictorum
584 4015 860 4099 justiciariorum.
914 4016 960 4078 Et
976 4015 1053 4098 quia
1077 4015 1189 4099 captio
1213 4017 1312 4082 istius

157 4102 279 4188 juratae
296 4103 368 4168 sine
384 4102 521 4165 recordo
537 4105 572 4165 et
587 4121 743 4185 processu
764 4102 915 4186 praefatae
936 4103 1048 4167 assisae
1069 4108 1159 4167 recte
1176 4105 1311 4188 procedi

156 4210 225 4253 non
248 4194 373 4273 potest,
398 4190 498 4252 datus
525 4192 577 4252 est
604 4188 652 4252 eis
677 4188 749 4252 dies
776 4189 865 4272 apud
892 4189 1077 4253 Eboracum
1106 4189 1142 4252 in
1173 4190 1312 4259 Octubis

158 4279 290 4342 Sanctae
305 4275 498 4340 Trinitatis.
528 4276 575 4338 Et
589 4279 794 4359 praeceptum
810 4279 862 4340 est
877 4275 1067 4340 vicecomiti
1084 4278 1172 4358 quod
1187 4278 1313 4345 habeat

192 4416 199 4448 ¹
218 4417 280 4467 'l'his
298 4420 369 4466 must
386 4417 418 4465 bo
430 4414 548 4464 William
565 4414 596 4465 do
615 4414 667 4466 Ros
684 4414 711 4465 ol
761 4413 852 4475 Warl,
863 4415 897 4480 by
910 4413 1049 4479 Margaret,
1069 4415 1210 4471 1111919111
1227 4417 1314 4471 9911911·

159 4483 288 4548 Kondall,
304 4499 350 4536 son
379 4483 406 4534 ot
431 4481 536 4535 Robort
558 4482 589 4536 do
611 4481 663 4535 Ros
685 4481 714 4534 ol
761 4483 789 4535 ol
800 4481 877 4537 Potor
888 4482 920 4535 do
932 4480 1007 4534 11111.
