2956 4988
306 471 419 515 asama
443 470 541 530 aona,
565 470 904 531 acarnanaaaalun,
926 452 969 514 40
992 470 1076 514 aar.
1099 470 1154 515 111.
1264 451 1307 514 55

218 623 374 708 Rogems
400 625 617 689 Berteramus
641 623 867 689 summonitus
889 623 960 687 fuit
974 622 1019 688 ad
1033 622 1306 708 respondendum

153 709 265 774 Priori
280 711 322 775 de
337 711 564 777 Brinkeburn'
580 711 623 775 de
637 710 764 795 placito
781 710 871 794 quod
886 711 1103 775 warrantiaet
1126 709 1158 776 ei
1181 710 1306 794 septies

153 796 1308 968 ligii.“iiiiiffiilmaiiiiiiiiiiindliiliiiluidinii

153 972 244 1035 unae
274 971 471 1056 dicitquod
496 934 835 1056 quidamJihannes
864 972 906 1037 ae
936 971 1094 1036 newton
1123 933 1236 1056 ipsum
1266 971 1308 1036 ae

154 1057 317 1141 praedicta
340 1061 444 1123 terra¹
468 1080 580 1124 coram
595 1059 618 1123 J
620 1059 629 1088 '
645 1059 687 1123 de
706 1058 900 1139 Lexinton’,
915 1079 977 1142 per
997 1059 1098 1123 breve
1120 1079 1215 1123 novae
1239 1057 1307 1123 dis·

155 1144 298 1223 seisinae,
313 1150 451 1230 propter
475 1146 564 1230 quod
587 1144 785 1229 impetravit
807 1146 907 1212 breve
927 1144 1033 1224 istud,
1049 1149 1103 1210 set
1117 1145 1202 1209 dicit
1217 1144 1306 1229 quod

153 1250 215 1314 per
228 1231 322 1296 aliud
336 1232 436 1296 breve
451 1232 614 1317 optinuit.
660 1233 706 1296 Et
724 1233 878 1317 Rogerus
893 1231 998 1311 venit,
1015 1236 1050 1297 et
1065 1232 1150 1298 beno
1165 1252 1308 1317 cognos-

154 1317 203 1382 cit
221 1318 310 1401 quod
324 1319 505 1403 praedictus
521 1319 620 1383 Prior
644 1321 742 1385 tenet
761 1319 960 1403 praedictam
983 1322 1110 1383 terram
1133 1319 1175 1383 de
1197 1339 1248 1398 eu,
1271 1323 1307 1385 et

154 1404 243 1488 quod
259 1409 396 1471 tenetur
409 1406 442 1470 ei
457 1405 696 1471 warrantizare
717 1407 913 1490 praedictam
934 1409 1072 1486 terram,
1090 1406 1120 1470 si
1135 1405 1179 1469 ab
1194 1405 1308 1490 aliquo

153 1496 243 1557 esset
275 1492 517 1576 implacitatus.
577 1492 660 1558 Ideo
696 1493 878 1577 praedictus
915 1492 1015 1557 Prior
1051 1496 1086 1559 et
1123 1492 1305 1577 pradictus

152 1577 306 1663 Rogerus
321 1579 402 1644 inde
417 1580 492 1644 sine
508 1581 574 1658 die,
591 1583 656 1645 etc.

217 1697 336 1763 Assisa
364 1700 460 1764 venit
488 1699 707 1784 recognitum
731 1699 761 1764 si
785 1697 971 1763 Amabillia
995 1700 1038 1764 de
1062 1699 1307 1781 Lemmooton’,

154 1785 262 1849 amita
286 1785 465 1851 Oristianoe
495 1786 573 1851 filiae
601 1787 740 1866 Emmoe,
766 1786 964 1870 Margareta
988 1786 1058 1850 filia
1081 1786 1247 1872 ejusdem,
1275 1791 1311 1852 et

152 1872 175 1936 J
176 1872 326 1938 ohannes
350 1872 440 1937 filius
463 1872 652 1953 Oristianae,
667 1873 810 1938 fuerunt
825 1872 934 1938 seisiti
949 1873 986 1937 in
1007 1873 1177 1939 dominico
1192 1895 1254 1938 suo
1268 1876 1309 1937 ut

153 1958 194 2023 de
208 1957 311 2024 feodo
325 1959 368 2024 de
382 1981 451 2024 uno
466 1960 557 2025 tofto
573 1962 608 2025 et
622 1959 749 2045 viginti
764 1960 852 2024 acris
866 1963 966 2024 terrae
989 1982 1066 2025 oum
1089 1961 1308 2045 pertinentiis

152 2044 189 2107 in
213 2045 470 2125 Lemmecton’,⁹
485 2050 549 2112 etc.
595 2047 642 2110 st
657 2047 698 2127 si,
715 2050 780 2112 etc.
826 2046 938 2126 Quam
952 2051 1080 2112 terram
1098 2047 1307 2132 Margareta,

153 2131 225 2195 filia
249 2132 332 2196 Adae
356 2133 397 2198 de
425 2133 667 2213 Lemmecton',
683 2135 789 2213 tenet,
806 2136 870 2198 etc.
915 2134 962 2197 Et
981 2134 1180 2218 Margareta
1201 2134 1307 2215 venit,

153 2221 230 2297 etc,
246 2221 281 2284 et
297 2219 382 2284 dicit
396 2220 486 2304 quod
501 2221 619 2285 adhoc
630 2220 731 2286 breve
746 2240 815 2283 non
826 2220 928 2286 debet
939 2220 987 2285 eis
999 2220 1212 2304 respondere,
1228 2220 1310 2304 quia

152 2303 236 2369 dicit
261 2305 352 2389 quod
377 2306 545 2391 praedictae
571 2307 768 2392 Margareta
793 2309 829 2371 et
855 2306 1028 2372 Oristiana
1051 2307 1180 2372 habent
1202 2328 1309 2392 quan·

153 2391 232 2455 dam
255 2413 415 2474 sororem,
440 2394 670 2474 Amabilliam,
694 2393 841 2472 nomine,
857 2415 932 2477 quae
955 2415 1024 2458 non
1048 2393 1246 2459 nominatur
1271 2393 1308 2458 in

152 2477 257 2543 brevi.
302 2479 428 2546 Postea
454 2481 650 2546 concordati
674 2483 755 2545 sunt
778 2501 839 2565 per
860 2480 1046 2547 licentiam.
1094 2481 1140 2544 Et
1158 2481 1310 2547 habeant

155 2566 413 2651 cyrographum,
430 2570 494 2632 etc.

218 2694 385 2761 Dominus
394 2695 1310 2781 Rex³mandavitJustieiariisItinerantibushic,qu0d

151 2781 300 2864 providit
315 2785 351 2848 et
365 2783 535 2848 ordinavit
550 2783 640 2868 quod
655 2782 800 2848 dilectus
823 2787 859 2849 et
882 2783 991 2849 fidelis
1015 2805 1095 2848 suus
1118 2783 1241 2848 Petrus
1265 2784 1308 2849 de

151 2867 267 2954 Percy,
283 2890 431 2936 unacum
445 2870 574 2936 eisdem
587 2869 789 2955 justiciariis
811 2869 997 2955 assignatis
1013 2871 1057 2934 ad
1075 2869 1307 2936 itinerandum

152 2954 190 3018 in
204 2955 379 3020 Comitatu
392 2958 553 3042 praedicto
569 2963 604 3023 et
619 2957 695 3022 aliis
716 2956 955 3037 Comitatibus,
971 2957 1097 3022 habeat
1119 2957 1308 3022 custodiam

151 3041 247 3107 tertii
270 3043 375 3107 rotuli
397 3044 552 3129 praedicti
575 3043 720 3110 itineris.
765 3044 812 3108 Et
834 3044 1011 3129 assignata
1033 3047 1086 3110 est
1101 3043 1135 3110 ei
1152 3044 1308 3109 custodia

152 3127 248 3193 tertii
262 3129 378 3212 rotuli,
394 3131 579 3197 secundum
594 3131 685 3197 idem
700 3131 913 3196 mandatum.

215 3248 314 3314 Prior
328 3250 370 3316 de
384 3251 557 3336 Tynemuc
572 3251 633 3316 dat
647 3250 680 3315 xl
688 3251 714 3315 ε’
730 3271 792 3336 pro
809 3250 950 3316 licentia
971 3250 1213 3316 concordandi⁴
1228 3272 1305 3316 cum

152 3334 325 3403 Willelmo
340 3337 495 3423 Heyrum
509 3339 552 3404 de
566 3338 695 3423 placito
716 3337 906 3402 wanantiae
929 3340 1041 3403 cartae.
1086 3339 1133 3402 Et
1155 3338 1306 3403 habeant

151 3424 411 3509 cyrographum,
428 3429 494 3491 etc.

216 3543 410 3610 Willelmus
425 3544 467 3610 de
483 3543 663 3630 Greystolr’
679 3546 715 3610 et
726 3541 923 3628 Margeria,⁵
937 3564 1023 3608 uxor
1041 3542 1127 3629 ejus,
1142 3565 1203 3628 per
1217 3547 1307 3608 ator-

152 3632 271 3694 natum
296 3631 404 3715 ipsius
427 3631 616 3716 Margenae,
640 3631 728 3715 petit
752 3652 867 3697 versus
891 3630 1074 3716 Hugonem
1098 3631 1140 3696 de
1158 3631 1308 3698 Bolebelr

151 3715 274 3802 viginti
302 3718 444 3782 libratas
472 3723 571 3784 terrae
603 3739 680 3783 cum
714 3717 930 3801 pertinentiis
959 3717 996 3781 in
1031 3717 1241 3803 Dodington'
1272 3722 1309 3784 et

151 3803 312 3888 Nesebyt,
329 3804 371 3870 de
387 3805 508 3889 quibus
524 3803 697 3870 Walterus
720 3804 762 3869 de
780 3803 940 3884 Bolebek,
957 3805 1046 3868 filius
1062 3807 1097 3869 et
1112 3806 1209 3870 heres
1224 3826 1307 3889 prae-

109 3890 112 3897 '
151 3889 235 3954 dicti
250 3891 419 3976 Hugonis,
436 3891 605 3976 quondam
622 3891 674 3955 vir
695 3891 864 3975 praedictae
879 3891 1068 3976 Margeriae,
1084 3912 1159 3956 eam
1175 3891 1307 3956 dotavit

151 3976 194 4040 ad
209 3977 359 4042 hostium
374 3977 543 4058 Ecclesiae,
559 3977 695 4063 quando
710 3999 785 4043 eam
800 3977 1022 4062 disponsavit,
1046 3978 1089 4043 de
1113 3999 1254 4044 assensu
1268 3982 1305 4044 et

184 4128 311 4197 ¹Supply
333 4147 402 4184 some
424 4132 489 4184 such
511 4132 582 4184 word
606 4147 634 4184 as
655 4137 701 4183 im·
784 4130 861 4184 ⁴See
888 4131 1037 4198 Appendix,
1068 4131 1130 4181 hbet
1157 4134 1189 4197 of
1218 4130 1306 4196 Fines,

146 4196 292 4262 placitavit.
752 4200 902 4261 Nerthumh,
915 4198 1119 4260 Hm.111.,N0.
1133 4201 1189 4250 148.

182 4260 338 4330 'Probably
349 4264 536 4331 Lemmington
546 4264 575 4315 in
592 4264 700 4331 heling-
785 4264 796 4295 ⁵
814 4264 1303 4331 MargaretlusuallyknownasMary),

150 4328 323 4383 hamPrrish.
751 4331 832 4383 oldest
854 4332 912 4381 dau.
936 4330 986 4381 and
1006 4330 1093 4382 oohoir
1113 4331 1141 4381 of
1160 4330 1247 4395 Roget
1270 4332 1302 4384 de

184 4392 338 4448 ’81111110
348 4399 426 4463 cntry
436 4411 471 4460 on
481 4413 507 4464 p.
520 4401 560 4451 88.
752 4396 864 4526 fodidedi
889 4397 1062 4525 bornlaazlpout
1084 4400 1118 4451 26
1145 4396 1215 4449 Han.
1244 4396 1301 4451 111.

819 4504 824 4515 .
865 4481 910 4527 en,
923 4479 940 4514 1.
1018 4501 1024 4515 .
