2956 4988
345 464 458 508 nssrzn
483 464 579 523 aona,
604 463 946 523 consummamur,
972 441 990 506 7
1013 463 1100 507 anu.
1124 463 1149 506 1.
1252 440 1315 504 295

163 617 358 702 Carpenter,
374 616 583 683 Willelmum
598 616 706 682 filium
730 618 818 697 Evae,
835 622 871 682 et
886 616 1079 683 Gilbertum
1093 615 1202 680 filium
1216 615 1309 695 Edae,

161 704 219 788 qui
256 705 376 770 dicunt
412 725 512 790 super
557 710 805 769 sacramentum
851 726 950 769 suum
995 704 1084 788 quod
1152 703 1310 768 mdictus

161 792 328 857 Robertus
343 792 452 876 majus
466 793 523 877 jus
540 792 643 857 habet
657 792 694 855 in
708 791 868 876 praedicto
890 790 1028 856 redditu
1048 811 1109 874 per
1123 725 1311 854 dictamen-

160 886 234 943 tum
249 880 401 963 praedicti
416 878 664 958 Bartholomaei,
680 900 780 963 quem
803 879 983 963 praedictus
1002 876 1197 956 Willelmus,
1213 879 1311 942 ante·

161 986 271 1031 cessor
292 966 400 1051 ipsius
414 966 593 1044 Johannis,
610 967 652 1030 de
672 967 769 1049 cujus
794 965 928 1050 seysina
944 968 979 1030 et
993 964 1215 1045 feofamento,
1233 967 1311 1044 etc,

161 1074 262 1136 quam
275 1053 456 1138 pradictus
472 1053 656 1118 Johannes.
701 1053 747 1116 Et
771 1052 846 1117 ideo
871 1052 1119 1118 consideratum
1146 1049 1312 1135 estquod

160 1139 340 1223 praedictus
357 1140 524 1206 Robertus
546 1140 626 1204 inde
647 1139 718 1205 sine
745 1139 810 1219 die,
826 1143 862 1203 et
887 1143 1004 1204 teneat
1027 1138 1203 1223 praedictas
1227 1138 1312 1202 duas

164 1225 325 1291 solidatas
354 1227 506 1291 redditus
533 1247 610 1291 cum
644 1226 861 1311 pertinentiis
888 1225 952 1291 sibi
979 1230 1015 1290 et
1041 1225 1219 1291 heredibus
1242 1223 1313 1289 suis

162 1314 275 1396 quiete
291 1314 332 1379 de
346 1314 508 1399 praedicto
522 1314 544 1377 J
545 1315 678 1378 ohanne
705 1319 740 1378 et
766 1312 945 1379 heredibus
962 1312 1031 1377 suis
1047 1312 1083 1376 in
1099 1316 1311 1400 perpetuum,

162 1403 197 1465 et
211 1400 234 1465 J
235 1401 385 1467 ohannes
400 1401 437 1464 in
453 1400 540 1481 mis',
556 1406 621 1465 etc.
1095 1463 1099 1472 ,

228 1488 274 1551 Et
288 1487 435 1553 Thomas
451 1488 540 1552 fflius
557 1486 728 1567 Letelinae,
740 1490 760 1552 J
763 1488 914 1552 ohannes
929 1487 971 1551 de
987 1485 1169 1571 Waynflet,
1182 1484 1312 1551 Willel-

164 1596 239 1638 mus
254 1574 295 1640 de
317 1576 470 1660 Kynton,
487 1574 660 1640 Gilbertus
683 1574 774 1639 filius
798 1575 889 1654 udae,
906 1574 947 1638 de
971 1575 1175 1639 tenementis
1199 1594 1314 1638 versus

163 1682 219 1726 eos
235 1661 365 1746 petitis,
380 1668 504 1727 vocant
518 1662 597 1728 inde
612 1662 656 1726 ad
672 1665 880 1727 warrantum
893 1661 1072 1746 praedictos
1084 1661 1269 1725 Ricardum
1278 1664 1313 1725 et

162 1748 342 1832 Agnetem,
360 1750 417 1834 qui
440 1753 622 1834 praesentes
649 1754 741 1828 sunt,
758 1754 793 1813 et
819 1749 868 1813 eis
883 1748 1135 1812 warrantiaant.
1181 1749 1227 1812 Et
1241 1750 1313 1811 tam

163 1835 205 1899 de
229 1836 432 1901 tenementis
458 1857 574 1901 versus
597 1857 654 1900 eos
679 1835 797 1920 petitis
822 1858 922 1919 quam
948 1836 990 1899 de
1014 1836 1216 1899 tenementis
1231 1856 1315 1919 prae-

164 1923 264 1987 dictis
279 1922 427 2002 Thomae,
445 1925 464 1986 J
467 1922 605 2001 ohanni,
623 1922 802 2001 Willelm0,
819 1927 854 1986 et
872 1922 1037 2002 Gilberto,
1054 1922 1313 2001 warrantizatis,

164 2010 354 2075 defendunt
368 2010 425 2094 jus
451 2011 559 2095 ipsius
584 2009 754 2074 Johannis
779 2010 821 2074 de
844 2008 974 2089 Insula,
996 2009 1142 2092 quande,
1160 2013 1223 2073 etc.
1269 2009 1315 2072 Et

164 2096 250 2161 bene
266 2102 475 2182 cognoscunt
501 2097 668 2181 seysinam
695 2096 848 2181 praedicti
876 2096 1097 2162 antecessoris
1125 2095 1232 2181 ipsius
1255 2095 1314 2160 Jo-

166 2184 298 2263 hannis,
315 2185 356 2250 de
371 2184 469 2268 cujus
486 2184 631 2268 seysina,
647 2186 725 2262 etc,
748 2187 783 2248 et
798 2184 887 2267 quod
898 2184 954 2266 jus
969 2182 1205 2268 praedictorum
1221 2186 1315 2249 tene·

166 2275 356 2335 mentorum
388 2271 561 2336 descendit
591 2270 632 2334 de
656 2271 816 2355 praedicto
842 2269 1025 2350 Willelm0,
1050 2269 1109 2354 qui
1134 2270 1220 2334 obiit
1242 2270 1315 2335 sine

165 2357 286 2423 herede
301 2359 342 2422 de
358 2378 404 2438 se,
421 2357 588 2441 praedictae
604 2356 730 2442 Agneti
746 2362 786 2421 ut
801 2357 906 2422 sorori
922 2355 1099 2423 etheredi.
1135 2358 1181 2421 Et
1196 2357 1316 2421 dicunt

165 2445 255 2528 quod
269 2445 386 2511 eadem
398 2445 513 2530 Agnes
523 2445 645 2509 habuit
659 2445 744 2509 duos
755 2446 855 2521 viros,
866 2443 1006 2524 scilicet,
1020 2444 1183 2528 quosdam
1198 2444 1315 2509 Ricar-

166 2533 257 2610 dum,
284 2532 442 2616 primum,
463 2537 498 2598 et
527 2531 745 2610 Willelmum,
770 2531 965 2595 secundum.
1010 2531 1056 2594 Et
1080 2531 1199 2596 dicunt
1226 2532 1315 2614 quod

166 2618 238 2704 ipse
254 2619 419 2684 Ricardus
435 2618 612 2684 suscitavit
628 2619 795 2684 decadem
806 2618 939 2703 Agnete
949 2618 1119 2701 quandam
1135 2617 1317 2682 Isabellam

167 2710 201 2769 et
230 2706 434 2786 Johannam,
465 2728 538 2791 quae
567 2705 725 2771 obierunt
755 2705 827 2769 sine
857 2705 979 2768 herede
1003 2705 1045 2768 de
1072 2726 1119 2784 se,
1146 2709 1181 2771 et
1211 2705 1314 2769 istum
1415 2756 1418 2760 a

166 2794 186 2856 J
189 2793 358 2858 ohannem
373 2794 432 2876 qui
447 2814 537 2857 nunc
552 2793 649 2878 petit.
696 2793 742 2856 Et
757 2792 875 2857 dicunt
890 2793 979 2874 quod
995 2792 1202 2857 consuetudo
1217 2792 1317 2878 burgi

164 2879 252 2944 Novi
268 2879 380 2945 Oastri
396 2880 475 2944 talis
491 2880 647 2964 estquod
664 2878 773 2964 proles
796 2879 897 2963 primi
919 2879 993 2958 viri,
1010 2879 1079 2944 sive
1104 2879 1209 2944 fuerit
1225 2900 1315 2943 mas-

167 2967 241 3030 cula
257 2967 325 3032 sive
345 2967 522 3046 feminina,
539 2967 639 3032 debet
659 2966 836 3031 succedere
852 2965 954 3029 matri
980 2966 1016 3028 iu
1041 2966 1196 3030 omnibus
1223 2971 1317 3032 tene-

167 3055 290 3118 mentis
307 3075 379 3138 quae
394 3055 496 3118 matri
513 3055 764 3132 descenderent,
790 3053 879 3117 unde
895 3053 1014 3117 dicunt
1031 3053 1119 3136 quod
1132 3055 1316 3117 secundum

166 3142 306 3206 eandem
325 3141 602 3207 consuetudinem
629 3141 844 3205 intraverunt
870 3140 935 3225 ipsi
962 3140 999 3203 in
1024 3139 1194 3224 praedictis
1220 3145 1315 3207 tene-

167 3228 301 3308 mentis,
326 3228 415 3294 unde
438 3228 523 3293 bene
550 3233 759 3313 cognoscunt
785 3228 954 3311 seysinam
980 3226 1134 3311 pradicti
1150 3226 1315 3292 Willelmi

166 3315 208 3380 de
224 3315 322 3400 cujus
347 3315 491 3400 seysina,
507 3318 581 3394 etc,
598 3319 633 3379 et
658 3315 848 3379 defendunt
874 3314 930 3398 jus
956 3314 1064 3397 ipsius
1089 3314 1258 3378 Johannis
1281 3317 1317 3379 et

166 3406 300 3486 ponunt
326 3423 361 3468 se
387 3404 423 3465 in
452 3403 603 3487 juratam
633 3401 733 3486 burgi
762 3400 925 3485 praedicti,
948 3401 1022 3465 loco
1045 3422 1177 3486 magnae
1202 3401 1315 3467 assisae

167 3489 295 3553 domini
310 3488 427 3574 Regis,
443 3491 478 3552 et
492 3493 617 3573 petunt
632 3488 898 3573 recognitionem
911 3487 984 3553 fieri
994 3493 1109 3551 utrum
1124 3487 1189 3572 ipsi
1205 3489 1317 3574 majus

164 3576 221 3661 jus
237 3577 386 3641 habeant
401 3577 437 3639 in
448 3575 618 3661 praedictis
634 3575 838 3640 tenementis
850 3579 890 3638 ut
905 3575 942 3638 in
954 3576 1030 3659 jure
1041 3573 1149 3659 ipsius
1160 3575 1317 3660 Agnetis,

166 3663 351 3728 secundum
371 3663 497 3727 dictam
522 3661 801 3728 consuetudinem
826 3661 916 3728 sicut
942 3682 983 3726 ea
1008 3664 1138 3741 tenent,
1165 3684 1208 3726 an
1232 3684 1317 3746 prae-

168 3751 279 3815 dictus
294 3752 316 3815 J
318 3751 479 3815 ohannes.
513 3750 559 3814 Et
574 3751 594 3813 J
597 3750 747 3814 ohannes
763 3749 847 3813 dicit
866 3750 948 3832 (sic).
984 3747 1108 3813 Postea
1124 3749 1319 3814 concordati

167 3843 258 3902 sunt.
289 3838 334 3901 Et
349 3838 371 3901 J
373 3837 523 3901 ohannes
539 3837 600 3900 dat
614 3835 790 3900 dimidiam
798 3836 842 3899 ω’
853 3857 914 3921 pro
929 3835 1068 3900 licentia
1083 3837 1319 3917 concordandi,

165 3923 753 4095 mathesuentam
767 3923 1319 4095 tthbtttttb‘rtttam

167 4120 244 4162 cum
268 4098 486 4183 pertinentiis
510 4099 547 4161 in
571 4097 653 4162 villa
677 4097 766 4161 Novi
782 4096 896 4162 Castri
923 4118 1024 4182 super
1049 4096 1190 4182 Tynam,
1207 4102 1247 4161 ut
1258 4099 1316 4182 jus

167 4208 275 4264 suum,
300 4207 360 4271 per
386 4187 485 4250 breve
511 4186 553 4249 de
578 4188 671 4250 recto
693 4189 827 4269 patens,
845 4189 910 4250 etc.
956 4185 1002 4248 Et
1026 4184 1136 4248 Adam
1163 4184 1256 4249 venit
1282 4188 1317 4249 et

166 4278 266 4338 vocat
281 4274 360 4337 inde
376 4273 418 4337 ad
433 4276 649 4352 warrantum,
665 4272 851 4336 Ricardum
864 4272 906 4336 de
922 4271 1071 4336 Ohilton'
1087 4274 1123 4334 et
1136 4271 1318 4356 Agnetem,

166 4381 306 4426 uxorem
321 4362 404 4443 ejus,
420 4358 478 4444 qui
493 4362 674 4444 praesentes
690 4362 780 4438 sunt,
797 4363 832 4423 et
852 4359 884 4423 ei
900 4357 1151 4423 warrantizant.
1182 4360 1228 4422 Et
1245 4379 1321 4424 con-

167 4448 297 4513 cordati
312 4450 393 4512 sunt
414 4468 474 4531 per
499 4445 684 4512 licentiam.
730 4446 777 4510 Et
802 4446 955 4511 habeant
979 4445 1239 4531 cyrographum,
1256 4449 1321 4512 etc.

167 4533 269 4622 Aliby
284 4534 362 4601 finis
376 4554 439 4619 pro
454 4533 595 4600 licentia
610 4532 851 4612 concordandi,
867 4535 934 4598 etc.
