2956 4988
317 451 430 497 asama
453 451 552 512 noan,
576 450 915 511 uonruuuaaaaluo,
941 430 960 496 7
985 451 1074 497 now.
1098 451 1124 497 1.
1235 431 1298 495 265

154 605 310 671 Karliolo
325 627 430 670 unum
447 606 575 670 toftum
591 627 667 670 cum
682 605 898 690 pertinentiis
913 605 949 668 in
966 604 1174 685 Suarlaund,
1191 607 1230 668 ut
1241 605 1298 690 jus

153 693 299 759 ecclesia
315 714 383 757 suae
399 692 440 759 de
454 692 698 771 Brinlreburne,
715 697 750 757 et
765 694 806 759 de
821 713 888 776 quo
903 692 992 757 idem
1007 692 1153 756 Thomas
1168 691 1299 777 injuste

153 791 188 844 et
208 781 281 845 sine
299 780 429 862 judicio
445 779 629 844 dissaisivit
656 779 871 858 Nicholaum,
887 781 1057 863 quondam
1081 778 1232 844 Priorem
1258 778 1300 843 de

154 867 398 947 Brinlreburne‚
410 868 686 951 praedecessorem
696 866 850 950 praedicti
862 866 1037 946 Willelmi,
1052 870 1130 952 post
1145 865 1301 950 primam,

154 958 218 1020 etc.
264 955 310 1017 Et
340 954 486 1018 Thomas
513 953 606 1018 venit
636 959 671 1017 et
701 953 855 1019 defendit
885 953 941 1037 jus
966 953 1074 1038 ipsius
1104 952 1243 1032 Primis,
1267 955 1303 1019 et

154 1041 301 1106 ecclesiae
316 1063 384 1106 suae
400 1041 578 1126 praedictae,
596 1040 742 1125 quando,
759 1043 822 1104 etc.
868 1041 914 1104 Et
935 1041 1020 1106 bene
1043 1040 1199 1105 defendit
1213 1039 1301 1124 quod

154 1127 333 1211 pradictus
356 1127 554 1206 Nicholaus‚
582 1127 752 1212 quondam
776 1126 874 1191 Prior
900 1128 940 1191 de
967 1126 1203 1206 Brinlreburn',
1220 1148 1303 1212 prae-

154 1215 308 1280 decessor
333 1215 434 1279 istius
459 1214 597 1294 Primis,
622 1236 796 1298 nunquam
819 1213 890 1278 fuit
916 1214 1053 1279 saisitus
1078 1214 1119 1279 de
1142 1213 1303 1299 praedicto

154 1307 359 1382 tenemento,
390 1305 430 1365 ut
455 1303 495 1368 de
524 1301 631 1366 libero
655 1305 861 1380 tenemento,
888 1301 939 1366 ita
966 1301 1054 1386 quod
1084 1301 1197 1386 potuit
1224 1301 1302 1366 inde

155 1389 329 1454 dissaisiri.
386 1389 432 1452 ut
457 1389 499 1453 de
527 1389 590 1454 hoc
618 1389 716 1473 ponit
746 1409 780 1452 se
808 1409 907 1473 super
922 1387 1078 1473 patriam.
1134 1389 1180 1453 Et
1206 1387 1303 1452 Prior

156 1475 322 1540 similiter.
354 1476 436 1540 Ideo
447 1476 509 1540 fiat
521 1476 600 1540 inde
608 1476 735 1560 jurata.
765 1476 890 1540 Postea
902 1476 1097 1540 concordati
1110 1479 1205 1554 sunt;
1222 1474 1303 1541 alibi

155 1563 234 1627 finis
249 1584 310 1648 pro
332 1563 471 1630 licentia
482 1562 719 1628 concordandi.
766 1563 811 1626 Et
827 1567 880 1627 est
895 1562 1073 1628 concordia
1087 1562 1167 1628 talis
1185 1563 1268 1645 (sic).

222 1735 369 1799 Thomas
384 1737 425 1800 de
441 1734 595 1799 Karliolo
619 1733 845 1799 summonitus
869 1733 938 1797 fuit
964 1734 1007 1797 ad
1034 1734 1305 1818 respondendum

158 1822 339 1902 Willelmo,
356 1822 467 1886 Priori
483 1823 524 1887 de
540 1821 785 1900 Brinlreburne,
802 1821 843 1884 de
868 1821 993 1905 placito
1015 1822 1105 1905 quod
1128 1822 1305 1905 permittat

158 1908 267 1993 ipsum
285 1914 497 1993 prosternere
512 1909 681 1992 quoddam
697 1908 865 1971 fossatum
889 1907 926 1971 in
952 1908 1095 1988 Pelton’,
1111 1908 1200 1992 quod
1216 1909 1305 1973 idem

159 1996 306 2060 Thomas
336 1997 465 2079 injuste
495 1995 620 2060 levavit
648 1994 691 2058 ad
721 1997 961 2059 nocumentum
992 1994 1088 2059 liberi
1118 1995 1306 2060 tenementi

159 2082 328 2162 Nicholai,
344 2083 513 2167 quondam
538 2082 666 2147 Prioris
692 2081 734 2145 de
761 2081 1006 2160 Brinkeburne,
1029 2082 1305 2166 praedecessorem

163 2172 231 2253 (aie)
248 2170 402 2256 praedicti
417 2169 581 2236 Willelmi
597 2169 631 2232 in
650 2170 767 2234 eadem
782 2168 864 2232 villa
878 2173 956 2252 post
977 2170 1133 2254 primam,
1150 2174 1214 2234 etc.
1259 2169 1306 2233 nt

160 2259 249 2321 unde
265 2258 418 2341 queritur
432 2257 521 2341 quod
537 2278 612 2322 cum
629 2255 700 2340 ipse
715 2255 839 2321 habere
854 2255 976 2319 debeat
999 2255 1139 2320 liberam
1155 2256 1306 2322 chaciam

161 2367 238 2410 cum
253 2344 454 2409 omnimodis
471 2344 590 2409 averiis
606 2342 676 2407 suis
688 2342 729 2406 de
745 2342 888 2428 grangia
904 2343 1021 2409 suade
1037 2343 1167 2407 Felton’
1180 2344 1307 2409 directe

162 2432 335 2514 usquead
362 2431 540 2517 grangiam
567 2451 661 2495 suam
688 2430 729 2494 de
753 2429 927 2513 Rymside,
952 2434 987 2494 et
1010 2432 1100 2494 unde
1127 2432 1307 2516 pradictus

160 2519 358 2598 Nichclaus,
375 2519 598 2603 praedecessor
613 2538 705 2597 suus,
722 2516 791 2580 fuit
806 2515 944 2580 seisitus
959 2520 999 2580 ut
1014 2518 1055 2584 de
1070 2518 1171 2582 feodo
1186 2522 1221 2584 et
1232 2519 1307 2603 jure

161 2605 308 2670 ecclesiae
323 2628 391 2670 suae
406 2606 582 2690 praedicta,
593 2609 743 2688 tempore
758 2603 862 2688 pacis,
875 2607 1025 2688 tempore
1036 2604 1178 2669 Henrici
1192 2604 1308 2689 Regis,

162 2692 270 2777 patris
286 2693 415 2756 domini
438 2693 543 2777 Regis
565 2711 665 2771 nunc,
688 2691 850 2775 capiendo
872 2689 952 2754 inde
968 2691 1116 2776 expletia
1137 2691 1181 2755 ad
1197 2691 1308 2756 valen·

162 2780 258 2858 tiam,
275 2784 351 2858 etc,
369 2800 541 2863 quousque
566 2779 747 2864 praedictus
770 2778 916 2842 Thomas
942 2779 1079 2862 injuste,
1095 2781 1170 2858 etc,
1185 2778 1310 2843 levavit

163 2866 359 2951 praedictum
376 2869 544 2931 fossatum
559 2866 601 2929 ad
617 2870 869 2944 nocumentum,
886 2873 949 2929 etc.
994 2866 1040 2928 nt
1055 2865 1201 2929 Thomas
1217 2864 1310 2930 venit

164 2958 199 3018 et
215 2954 368 3019 defendit
393 2953 575 3036 jussuum,
593 2953 817 3036 quand0,etc.
863 2952 909 3015 nt
932 2952 1017 3016 bene
1041 2952 1196 3018 defendit
1222 2952 1311 3036 quod

163 3041 235 3124 ipse
265 3062 333 3104 non
361 3039 486 3104 levavit
515 3040 652 3124 aliquod
681 3040 850 3103 fossatum
880 3039 924 3102 ad
961 3044 1212 3119 nocumentum,
1244 3042 1308 3104 ete.

164 3128 258 3191 Dicit
273 3127 363 3191 enirn
380 3128 467 3210 quod
482 3127 651 3191 fossatum
671 3126 759 3210 quod
779 3125 894 3211 posuit
918 3125 955 3188 in
971 3126 1043 3191 visu
1068 3147 1129 3192 suo
1150 3132 1203 3191 est
1218 3126 1309 3190 anti-

164 3236 267 3298 quum
282 3215 461 3293 fossatum,
478 3218 513 3278 et
528 3214 612 3279 dicit
628 3213 717 3297 quod
740 3212 812 3297 ipse
835 3213 924 3276 idem
947 3212 1116 3277 fossatum
1142 3213 1311 3298 reparavit

164 3302 200 3364 in
217 3302 332 3367 eodem
349 3304 443 3365 statu
459 3322 525 3385 quo
540 3300 634 3386 prius
649 3299 730 3379 fuit,
747 3305 782 3364 et
807 3300 896 3384 quod
920 3299 1022 3363 aliam
1050 3299 1214 3384 injuriam
1242 3321 1310 3365 non

164 3388 257 3467 fecit,
273 3389 362 3472 petit
377 3388 466 3471 quod
482 3387 675 3471 inquiratur
690 3408 749 3471 per
763 3387 920 3471 patriam.
959 3387 1005 3450 Et
1019 3387 1200 3471 pradictus
1216 3386 1312 3451 Prior

164 3475 330 3540 similiter.
387 3474 469 3538 Ideo
499 3476 559 3539 fiat
586 3474 665 3538 inde
688 3475 815 3559 jurata,
843 3479 907 3539 etc.
965 3473 1090 3538 Postea
1115 3475 1311 3541 concordati

165 3568 273 3730 {ppt}
291 3561 372 3733 aqibi
388 3562 464 3626 finis
480 3583 541 3646 pro
556 3560 698 3627 licentia
711 3559 949 3626 concordandi.
1004 3561 1050 3624 nt
1065 3564 1118 3627 est
1132 3560 1312 3628 concordia

229 3671 245 3714 s
274 3672 344 3713 rw.

232 3821 342 3884 Adam
357 3820 399 3884 de
414 3819 621 3903 Bokingfeld
636 3819 762 3904 optulit
778 3840 812 3884 se
824 3818 902 3904 iiijto
920 3819 975 3882 die
990 3840 1105 3884 versus
1123 3818 1312 3884 Walterum

168 3908 320 3993 Heyrum
335 3907 376 3974 de
391 3907 517 3991 placito
532 3906 622 3991 quod
636 3908 813 3990 permittat
829 3905 941 3990 ipsum
965 3905 1085 3971 hahere
1101 3926 1315 3970 communem

167 3999 314 4079 pastura
338 4016 405 4059 suae
429 3993 465 4056 in
492 3992 707 4078 Bokingfeld,
724 3994 764 4058 de
791 4014 858 4076 qua
881 3993 1050 4057 Robertus
1080 3992 1122 4057 de
1145 3993 1314 4074 Brantele,

168 4088 265 4166 pater
275 4080 428 4166 praedicti
440 4080 533 4160 Adae,
546 4081 640 4164 cujus
657 4080 751 4144 heres
768 4079 839 4164 ipse
856 4085 918 4159 est,
934 4080 1004 4143 fuit
1019 4079 1055 4141 in
1072 4080 1205 4165 seysina
1220 4083 1259 4145 ut
1274 4081 1315 4147 de

168 4169 280 4247 feod0,
296 4172 458 4252 tanquam
476 4167 667 4253 pertinente
690 4167 733 4231 ad
758 4166 902 4232 liberum
917 4171 1150 4231 tenementum
1166 4167 1316 4232 suumin

168 4256 285 4321 eadem
313 4256 402 4335 villa,
420 4255 474 4319 die
500 4276 577 4339 quo,
593 4260 657 4319 etc.
702 4254 749 4317 Et
775 4255 847 4338 ipse
874 4276 941 4318 non
966 4253 1070 4318 venit.
1116 4254 1160 4318 nt
1188 4255 1314 4339 pluries

167 4343 251 4408 fecit
266 4342 423 4421 defaltas,
440 4342 491 4405 ita
513 4341 601 4426 quod
624 4346 829 4427 praeceptum
852 4341 923 4406 fuit
937 4339 1126 4406 vicecomiti
1142 4342 1232 4424 quod
1246 4341 1315 4406 dis-

169 4429 335 4515 tringeret
344 4451 421 4494 eum
433 4450 493 4515 per
501 4449 617 4495 omnes
631 4432 750 4510 terras,
766 4432 843 4509 etc,
859 4431 895 4494 et
905 4428 995 4512 quod
1010 4427 1051 4494 de
1065 4427 1224 4510 exitibus,
1240 4433 1318 4510 etc,
