2956 4988
333 455 446 500 nssmn
469 455 566 514 noan,
590 455 927 516 uosrsnnnsnmrn,
953 435 971 501 7
995 456 1084 503 rnw.
1107 459 1131 503 1.
1243 435 1306 501 287

152 608 302 703 lington,
339 614 379 674 ut
415 608 473 693 jus
509 608 660 696 ipsarum
697 606 862 688 Matildae,
899 609 1028 691 Aliciae,
1065 609 1230 691 Matildae,
1268 613 1304 674 et

154 696 343 779 Margana,
360 701 425 762 etc.

217 783 263 846 m
278 784 389 847 Adam
405 783 499 847 venit
514 787 550 848 et
565 784 761 849 concordati
777 787 869 848 sunt.
915 785 961 848 Et
985 783 1095 848 Adam
1112 785 1172 848 dat
1187 785 1303 850 decem

152 871 178 933 c’
194 891 256 955 pro
270 869 410 935 licentia
425 871 650 935 concordandi
660 893 720 956 per
729 871 880 956 plegium
891 871 1044 955 praedicti
1054 871 1227 936 Willelmi.
1259 873 1305 936 Et

154 964 207 1022 est
237 958 415 1021 concordia
445 957 526 1022 talis
564 959 653 1042 quod
679 958 832 1042 praedicti
863 957 1056 1023 Willelmus
1085 963 1120 1024 et
1145 958 1304 1038 Matilda,

155 1044 308 1129 Rogerus
319 1048 354 1108 et
363 1043 484 1118 Aiicia,
497 1045 667 1110 Mathaeus
683 1051 717 1111 et
732 1045 890 1125 Matilda,
901 1045 1005 1128 Hugo
1021 1052 1056 1110 et
1068 1045 1239 1142 Margeria
1254 1067 1305 1112 16-

156 1134 367 1216 cognoscunt
392 1131 554 1217 praedicta
582 1135 779 1198 tenementa
805 1152 882 1196 cum
908 1132 1125 1217 pertinentiis
1147 1153 1221 1198 esse
1248 1133 1304 1217 jus

154 1218 366 1318 ipsiusddea,
378 1225 413 1282 et
422 1218 481 1283 1116
492 1218 696 1319 remiserunt
705 1224 739 1283 et
750 1219 901 1320 quietum
913 1219 1146 1320 clamaverunt
1161 1220 1202 1285 16
1218 1240 1262 1320 se·
1268 1223 1304 1284 et

156 1304 1304 1478 1111111111111111111111111

154 1479 304 1544 habeant
320 1480 593 1565 cyrographum,l
609 1484 672 1546 616.

220 1632 350 1698 Alanus
367 1634 510 1701 Freman
533 1634 574 1700 de
589 1634 759 1699 Hothton'
776 1634 1003 1699 summonitus
1018 1634 1089 1699 1111
1109 1634 1152 1699 ad
1168 1653 1305 1718 respon-

155 1721 304 1786 dendum
328 1721 487 1806 Philippo
510 1722 551 1788 16
580 1720 774 1786 Craweden’
806 1722 846 1785 16
873 1720 999 1805 placito
1023 1722 1111 1805 quod
1141 1721 1249 1786 faciat
1272 1721 1302 1785 61

155 1808 416 1873 consuetudines
432 1812 467 1873 et
482 1812 576 1874 recta
590 1808 738 1887 servitia,
755 1830 829 1892 quae
845 1809 876 1872 ei
895 1808 1008 1875 facere
1024 1808 1125 1875 dehet
1140 1809 1181 1872 de
1197 1808 1303 1872 libero

154 1897 350 1960 tenemento
366 1917 437 1975 suo,
455 1895 544 1979 quod
560 1896 600 1959 de
616 1899 762 1961 6616161
777 1895 814 1957 in
833 1896 1012 1960 Hothton'.
1050 1896 1096 1958 Et
1111 1895 1202 1960 unde
1214 1895 1302 1959 idem

154 1981 344 2066 Philippus,
356 2003 416 2066 per
430 1986 643 2047 attornatum
659 2003 768 2060 suum,
782 1983 866 2047 dicit
881 1983 970 2066 quod
982 2004 1060 2047 cum
1072 1986 1166 2047 tenet
1177 1982 1218 2048 de
1230 1982 1304 2066 ipso

155 2090 260 2132 unum
278 2069 505 2154 messuagium
514 2073 550 2135 et
565 2069 649 2133 duas
662 2068 801 2134 bovatas
811 2073 908 2134 terrae
924 2091 997 2134 cum
1012 2069 1229 2155 pertinentiis
1245 2090 1305 2153 per

156 2156 353 2240 homagium
374 2160 409 2218 et
433 2156 606 2222 servitium
622 2156 765 2220 duorum
785 2156 811 2218 a’
836 2175 897 2240 per
920 2177 1059 2236 annum,
1083 2160 1118 2220 et
1133 2156 1220 2221 facit
1235 2177 1305 2221 seo-

154 2247 224 2306 tam
241 2244 285 2307 ad
301 2242 429 2306 curiam
444 2264 540 2307 suam
556 2244 597 2307 de
619 2243 824 2328 Whycestr'‚
850 2244 891 2307 16
915 2243 1024 2307 tribus
1052 2242 1251 2327 septimanis
1267 2242 1302 2306 in

159 2333 228 2393 tres
253 2330 455 2414 sepimanas,
477 2334 512 2394 et
536 2351 596 2415 per
621 2330 796 2394 servitium
820 2336 966 2412 quatuor
992 2330 1088 2394 (161
1115 2329 1307 2415 scutagium

157 2416 408 2501 quadranginta
432 2418 470 2496 a',
498 2416 633 2500 quando
663 2416 824 2495 evenerit,
851 2423 885 2481 et
911 2417 954 2481 ad
975 2416 1063 2501 plus,
1088 2417 1175 2502 plus,
1199 2430 1235 2480 et
1260 2417 1304 2481 ad

159 2502 281 2583 minus,
297 2503 421 2582 minus,
437 2503 478 2568 de
494 2503 615 2586 quibus
631 2503 777 2568 servitiis
799 2503 943 2588 ipsemet
960 2503 1029 2567 fuit
1044 2504 1080 2566 in
1096 2504 1231 2590 seysina
1245 2525 1306 2590 per

156 2612 294 2654 manum
310 2591 463 2674 ejusdem
477 2591 580 2654 Alani
601 2594 641 2654 ut
665 2590 822 2656 1616616
848 2598 884 2654 61
906 2591 994 2675 jure,
1011 2602 1160 2675 tempore
1176 2589 1305 2654 domini

157 2677 298 2740 Henrici
313 2677 429 2762 Regis,
442 2677 549 2762 patris
566 2677 669 2760 Regis
687 2698 788 2757 nunc,
815 2677 978 2761 capiendo
993 2677 1071 2743 iude
1097 2678 1246 2762 expletia
1261 2679 1304 2743 ad

156 2763 350 2843 valentiam,
368 2769 431 2829 etc.
478 2765 523 2828 111
539 2764 627 2848 quod
643 2764 712 2828 tale
728 2764 773 2828 sit
784 2765 841 2849 jus
858 2786 956 2829 suum
972 2765 1083 2843 offert,
1101 2770 1164 2829 etc.

223 2851 268 2914 111
283 2850 413 2915 Alanus
439 2852 531 2917 venit
555 2855 590 2915 et
610 2850 765 2916 defendit
787 2852 843 2934 jus
870 2873 980 2929 suum,
1004 2852 1150 2935 quand0,
1170 2855 1245 2930 etc,
1269 2855 1304 2918 et

156 2937 240 3003 bene
265 2938 439 3022 cognoscit
464 2939 555 3022 quod
578 2943 674 3002 tenet
700 2938 742 3002 16
767 2939 928 3021 praedicto
959 2938 1117 3023 Philippo
1144 2939 1306 3023 praedicta

157 3025 349 3109 messuagia
364 3029 398 3090 et
414 3029 539 3089 terram
556 3047 632 3089 cum
656 3024 875 3108 pertinentiis
891 3046 951 3108 per
970 3026 1146 3089 servitium
1163 3027 1303 3090 duorum

155 3112 180 3172 s‘
193 3133 253 3195 per
263 3133 387 3175 annum
399 3134 459 3195 pro
472 3112 564 3177 omni
575 3111 721 3176 servitio.
746 3111 791 3175 Et
801 3112 912 3194 quoad
925 3111 1086 3195 praedicta
1095 3113 1303 3197 homagium,

157 3198 360 3282 scutagium,
377 3207 412 3263 et
427 3206 551 3265 sectam
570 3197 725 3263 defendit
734 3199 790 3281 jus
806 3197 913 3281 ipsius
928 3199 1076 3284 Philippi
1088 3205 1123 3265 et
1136 3200 1303 3285 seysinam

157 3306 252 3348 suam
269 3291 308 3348 ut
324 3286 365 3351 de
380 3287 480 3350 feodo
495 3292 529 3351 et
541 3290 627 3369 jure.
673 3285 719 3348 Et
733 3284 830 3369 ponit
854 3306 890 3349 se
905 3285 940 3348 in
964 3285 1115 3370 juratam
1130 3288 1249 3372 patriae
1264 3288 1305 3353 de

158 3392 322 3436 consensu
342 3373 447 3456 ipsius
470 3372 620 3456 Philippi
646 3372 721 3437 loco
744 3393 877 3456 magnae
903 3375 1018 3437 assisae
1042 3374 1171 3438 domini
1187 3374 1303 3458 Regis.

157 3459 203 3521 Et
228 3459 316 3542 petit
339 3459 607 3543 recognitionem
630 3459 700 3524 fieri
730 3464 845 3524 utrum
872 3459 945 3544 ipse
965 3460 1022 3544 jus
1044 3461 1155 3546 majus
1180 3460 1305 3525 habeat

158 3549 273 3611 tenere
298 3547 1021 3630 11611616161611611661111161111611ἱὶ6
1047 3568 1107 3633 per
1131 3547 1304 3612 servitium

158 3632 299 3695 duorum
315 3633 340 3695 c’
356 3653 559 3718 perannum
583 3637 719 3696 tantum
743 3654 804 3716 pro
819 3633 913 3696 omui
937 3634 1087 3715 servitio,
1104 3636 1192 3699 sicut
1207 3633 1239 3698 61
1255 3656 1304 3701 16-

159 3718 342 3802 cognoscit,
359 3742 402 3784 an
418 3741 478 3804 per
493 3720 580 3786 idem
590 3718 778 3798 servitium,
794 3723 829 3783 et
844 3723 1017 3803 praeterea,
1034 3742 1094 3805 per
1108 3721 1306 3807 homagium

158 3810 193 3870 et
207 3826 267 3889 par
283 3807 457 3871 servitium
480 3807 630 3871 faciendi
655 3809 782 3870 sectam
806 3806 850 3870 ed
873 3806 1001 3871 curiam
1027 3809 1133 3892 ipsius
1152 3807 1304 3894 Philippi

158 3892 199 3955 de
214 3893 324 3956 tribus
340 3894 538 3978 septimanis
550 3893 586 3956 11
598 3896 668 3957 1166
681 3892 887 3977 septimanas
899 3915 959 3977 per
970 3894 1147 3958 servitium
1160 3900 1305 3978 quatuor

156 3979 189 4042 d'
206 3981 249 4043 ad
265 3981 456 4065 scutagium
477 3980 704 4064 quadraginta
719 3981 756 4059 ε’,
775 3981 910 4062 quando
926 3981 1086 4060 evenerit,
1103 3986 1138 4046 et
1158 3983 1202 4046 ad
1217 3981 1305 4067 plus,

157 4067 245 4151 plus,
262 4074 297 4131 61
320 4069 363 4131 ad
386 4068 509 4145 minus,
532 4067 657 4146 minus,
682 4068 771 4131 sicut
793 4068 973 4150 praedictus
997 4067 1177 4153 Philippus
1200 4069 1243 4133 ab
1266 4090 1305 4133 eo

157 4154 274 4238 exigit.
320 4155 366 4216 Et
381 4154 403 4218 J
404 4153 555 4218 ohannes
571 4153 612 4220 de
629 4154 843 4218 Stokesieud'
855 4159 891 4219 et
906 4154 1106 4240 Radulphus
1122 4157 1163 4220 de
1178 4155 1304 4242 Oving-

158 4243 248 4319 ham,
261 4241 441 4324 juratores,
458 4260 525 4303 non
540 4241 694 4320 veniunt,
710 4240 786 4306 ideo
802 4241 837 4303 in
855 4240 942 4320 mis',
958 4248 1022 4305 eto.

222 4327 244 4391 J
246 4333 398 4392 aratores
411 4327 530 4392 dicunt
542 4347 643 4411 super
652 4332 901 4393 sacramentum
913 4349 1011 4390 suum
1024 4329 1115 4412 quod
1125 4329 1306 4413 praedictus

306 4463 314 4495 ¹
332 4464 379 4516 Sec
388 4463 536 4532 Appendix,
548 4465 610 4516 neat
620 4465 743 4530 eslim,
754 4464 913 4529 1161111111,
925 4464 996 4517 Ede.
1008 4466 1041 4527 l,
1052 4464 1103 4517 No.
1115 4469 1156 4519 2&
