2956 4988
309 500 422 553 sssmn
445 478 544 569 noua,
567 509 908 569 corrumpamur,
932 489 974 554 53
997 509 1081 554 nnn.
1104 510 1158 554 m.
1249 479 1315 555 181·

225 659 373 726 Thomas
399 662 440 729 de
466 662 670 728 Millebume
691 664 751 728 dat
771 665 784 748 j
812 684 960 729 marcam
983 683 1044 749 pro
1069 662 1210 728 licentia
1234 682 1312 728 con-

161 748 320 812 cordandi
344 770 422 814 cnm
447 750 597 815 Roberto
621 751 663 814 de
688 750 880 835 Meynevill’
905 751 946 816 de
970 750 1096 836 placito
1120 755 1229 830 terrae,
1253 771 1314 836 per

160 833 311 918 plegium
331 836 438 920 ipsius
461 837 614 916 Roberti,
638 838 679 902 de
701 836 827 922 placito
849 841 948 904 terrae
966 840 1049 921 (sic).
1095 839 1140 902 Et
1162 838 1313 903 habeant

162 923 509 1076 cyriilbanihlluiibertus
532 940 592 1076 dat
615 1011 792 1075 dimidiam
814 1033 962 1077 marcam
985 1033 1047 1096 pro
1070 1010 1210 1078 licentia
1232 1032 1311 1078 con·

162 1097 322 1161 cordandi
338 1119 414 1162 cum
424 1099 585 1181 praedicto
601 1097 730 1163 Thomu
747 1099 788 1163 de
805 1100 920 1166 eodem
935 1098 1074 1185 placito,
1089 1120 1150 1184 per
1160 1099 1312 1185 plegium

161 1182 267 1267 ipsius
284 1183 431 1250 Thomas.
477 1186 523 1249 Et
539 1186 688 1250 habeant
703 1186 953 1271 cirographum.

225 1355 396 1436 Johanna,
428 1379 500 1442 quae
529 1357 599 1421 fuit
626 1380 710 1423 uxor
740 1358 914 1443 Radnlphi
941 1357 1101 1442 Gubyun,
1125 1357 1253 1442 optulit
1276 1379 1312 1423 se

161 1465 277 1507 versus
294 1444 475 1528 Hugonem
491 1443 654 1531 Gubyun¹
672 1445 712 1510 de
735 1445 860 1530 placito
881 1445 992 1509 tertiae
1015 1445 1123 1529 partis
1139 1467 1197 1509 sex
1214 1447 1313 1510 bova

164 1535 275 1594 tarum
302 1536 399 1596 terrae
426 1554 502 1596 cum
526 1532 743 1617 pertinentiis
769 1533 805 1595 in
831 1532 1017 1618 Horseleg’.
1074 1534 1119 1596 Et
1145 1533 1217 1618 ipse
1244 1553 1313 1597 non

160 1619 264 1698 venit,
291 1622 326 1684 et
355 1618 440 1683 alias
466 1619 551 1684 fecit
579 1618 755 1699 defaltam,
792 1619 844 1683 ita
889 1620 977 1703 quod
1007 1627 1212 1704 praeceptum
1242 1620 1313 1684 fuit

162 1705 353 1771 vicecomiti
364 1706 453 1789 quod
466 1710 601 1791 caperet
616 1706 811 1790 praedictam
827 1707 964 1770 tertiam
976 1711 1107 1791 partem
1122 1707 1159 1769 in
1175 1728 1313 1770 manum

162 1791 290 1856 domini
317 1792 431 1877 Regis.
488 1794 533 1857 Et
559 1793 741 1858 vicecomes
768 1793 874 1858 nichil
897 1793 976 1857 inde
1000 1793 1095 1872 fecit,
1122 1793 1198 1858 ideo
1223 1793 1313 1859 sicut

161 1879 254 1964 prius
267 1890 471 1964 praeceptum
484 1886 536 1946 est
547 1881 737 1945 vicecomiti
748 1882 838 1964 quod
850 1882 964 1965 capiat
975 1882 1171 1964 praedictam
1187 1884 1312 1946 terram

160 1966 196 2029 in
224 1989 363 2031 manum
390 1968 519 2030 domini
544 1968 657 2051 Regis.
704 1968 749 2031 Et
773 1968 855 2047 dies,
882 1972 945 2032 etc.
993 1968 1038 2031 Et
1064 1970 1314 2033 summoniatur

162 2054 249 2137 quod
273 2055 321 2118 sit
341 2054 431 2138 apud
451 2054 678 2138 Leycestriam
695 2077 715 2118 a
731 2055 785 2118 die
807 2055 923 2119 Sancti
949 2053 1126 2119 Michaelis
1151 2054 1188 2117 in
1216 2054 1312 2138 quin·

160 2140 270 2206 decim
294 2141 377 2220 dies,
402 2145 465 2206 etc.
511 2142 634 2206 Postea
660 2142 753 2208 venit
777 2142 958 2226 praedictus
986 2142 1098 2226 Engo,
1120 2161 1179 2225 per
1204 2146 1311 2206 attor-

161 2233 280 2292 natum
302 2250 410 2307 suum,
426 2250 488 2312 per
509 2230 608 2293 breve
632 2228 760 2293 domini
783 2229 887 2314 Regis
912 2250 1014 2307 nunc,
1038 2232 1073 2294 et
1093 2229 1206 2292 reddit
1229 2250 1312 2313 prae·

161 2315 259 2381 dictae
280 2316 446 2380 Johannae
469 2317 664 2400 praedictam
688 2317 801 2380 dotem
825 2338 930 2381 snam.
976 2315 1059 2382 Ideo
1077 2315 1203 2380 habeat
1218 2316 1314 2381 seisi·

160 2423 240 2467 nam
256 2424 362 2468 suam.

226 2558 419 2643 Stephanus
443 2558 483 2624 de
507 2559 601 2623 Jaru’
624 2558 684 2623 dat
706 2580 807 2623 unam
834 2579 980 2623 marcam
1004 2577 1064 2642 pro
1080 2558 1219 2623 licentia
1235 2578 1314 2623 cou-

161 2645 322 2710 cordandi
337 2667 414 2710 cum
429 2645 610 2729 Ingeramo
626 2646 666 2711 de
683 2646 915 2710 Warendham
930 2645 972 2710 de
987 2645 1113 2730 placito
1123 2646 1313 2710 warrantiae

161 2737 270 2812 carta,
295 2755 355 2818 per
379 2732 528 2816 plegium
555 2733 709 2816 praedicti
733 2733 917 2817 Ingerami.
974 2733 1020 2796 Et
1050 2732 1199 2796 habeant
1229 2732 1313 2798 ciro-

161 2821 340 2906 graphum,
357 2826 420 2884 etc.

226 2985 346 3062 Maria,
362 3007 436 3070 quae
457 2985 527 3048 fuit
550 3005 636 3049 uxor
660 2985 799 3049 Roberti
822 2985 883 3048 lilii
899 2983 1074 3063 willelmi,
1091 2982 1181 3068 petit
1196 3005 1312 3048 versus

163 3072 371 3137 Willelmum
398 3073 439 3138 de
467 3072 643 3156 Salebyres
665 3079 700 3138 et
727 3072 919 3151 Isabellam,
937 3093 1076 3137 uxorem
1102 3071 1312 3155 ejus,m1um

161 3160 365 3245 burgagium
389 3181 464 3224 cum
490 3160 706 3243 pertinentiis
733 3159 769 3222 in
797 3159 984 3244 Alnewyk',
1010 3159 1101 3222 unde
1130 3158 1312 3243 pradictus

163 3248 341 3326 Robertus,
366 3246 534 3330 quondam
564 3247 615 3309 vir
652 3268 744 3326 suus,
774 3246 883 3330 ipsam
920 3245 1051 3310 dotavit
1088 3246 1131 3309 ad
1162 3245 1313 3310 hostium

161 3334 318 3412 ecclesiae,
344 3334 478 3417 quando
501 3333 609 3417 ipsam
634 3333 861 3417 desponsavit,
885 3338 949 3399 etc.
995 3333 1041 3396 Et
1065 3332 1255 3396 Willelmus
1278 3337 1313 3397 et

162 3420 307 3485 Isabella
321 3421 473 3499 veniunt,
490 3424 525 3484 et
540 3420 660 3484 dicunt
675 3422 763 3504 quod
778 3420 852 3505 ipsa
868 3419 974 3484 nichil
987 3419 1132 3484 clamare
1146 3424 1261 3504 potest
1277 3420 1313 3482 in

161 3508 322 3594 praedicto
360 3508 534 3592 burgagio,
574 3508 707 3572 ratione
745 3507 931 3571 dotationis
968 3506 1121 3591 praedicti
1160 3506 1312 3585 Roberti,

161 3596 331 3681 quondam
346 3594 409 3658 riri
425 3595 488 3674 sui,
506 3595 585 3678 quia
600 3595 721 3658 dicunt
744 3596 831 3678 quod
849 3595 938 3659 idem
955 3594 1122 3658 Robertus
1138 3613 1312 3676 nunquam

161 3683 231 3746 fuit
246 3682 282 3744 in
298 3682 424 3746 seisina
446 3682 487 3747 de
509 3681 670 3766 praedicto
693 3681 869 3766 burgagio,
886 3681 937 3744 ita
951 3682 1059 3765 ipsam
1082 3681 1172 3744 unde
1196 3681 1313 3745 dotare

161 3770 284 3870 potuit.
331 3771 376 3832 Et
392 3770 433 3832 de
448 3770 512 3832 hoc
528 3769 625 3853 ponit
641 3790 676 3832 se
692 3790 793 3853 super
807 3768 966 3853 patriam,
979 3773 1014 3832 et
1024 3768 1136 3832 Maria
1145 3767 1312 3848 similiter,

162 3857 238 3921 ideo
263 3856 326 3919 fiat
350 3856 429 3920 iude
452 3857 579 3940 jurata.
626 3856 671 3920 Et
699 3856 869 3940 juratores
896 3855 937 3919 de
968 3875 1134 3921 consensu
1162 3854 1313 3940 partium

162 3943 260 4010 electi
284 3943 403 4007 dicunt
423 3965 523 4027 super
543 3947 793 4008 sacramentum
820 3964 919 4007 suum
935 3943 1024 4026 quod
1042 3940 1223 4027 praedictus
1249 3943 1315 4006 Ro·

163 4032 289 4109 bertus,
300 4031 471 4114 qnondam
480 4030 531 4093 vir
545 4031 713 4114 praedictae
729 4029 857 4110 Mariae,
871 4051 1045 4113 nunquam
1054 4029 1124 4093 fnit
1139 4028 1175 4091 in
1188 4029 1315 4094 seisina

163 4118 205 4182 de
225 4117 384 4202 praedicto
408 4117 585 4201 burgagio,
608 4117 660 4183 ita
685 4118 773 4201 quod
796 4118 905 4203 ipsam
925 4117 1071 4181 Mariam
1094 4116 1173 4180 inde
1196 4115 1314 4181 dotare

194 4307 304 4373 ¹Hugh
328 4309 441 4374 Gubyun
466 4309 516 4359 and
539 4308 656 4359 William
678 4309 710 4360 do
761 4325 810 4361 was
838 4308 946 4360 assessod
975 4325 1009 4359 on
1038 4307 1116 4373 goods
1141 4307 1169 4358 in
1197 4307 1313 4370 Qualton

162 4374 289 4441 Horscloy
312 4375 371 4427 held
393 4376 520 4441 Horseley
543 4377 571 4427 ol
596 4375 710 4439 Patriolr,
762 4376 891 4440 (Walter)
913 4376 954 4426 ior
971 4375 1076 4440 subsidy
1097 4375 1124 4425 in
1146 4378 1180 4426 24
1198 4373 1269 4427 nun.
1289 4375 1313 4429 Ι.

161 4440 224 4493 llari
241 4443 268 4493 ol
288 4442 402 4507 Dunbar,
421 4445 485 4495 1247
500 4441 601 4503 (Bain’s
616 4443 680 4506 Gal,
693 4443 709 4493 i.
764 4442 834 4511 (Iay
848 4444 965 4508 Subesdy,
978 4441 1135 4502 Nona-ml,
1147 4443 1246 4503 los-1).

165 4510 252 4572 1712).
287 4510 423 4563 'l'thord
434 4509 519 4576 Hugh
536 4509 568 4562 do
585 4509 713 4577 Gobyouu
970 4504 976 4516 ’
