2956 4988
288 464 402 511 sssran
423 465 524 526 noua,
546 464 883 525 uonrnuunnnmun,
908 444 949 509 53
972 463 1055 511 000.
1080 465 1133 510 111.
1228 441 1291 508 137

138 616 247 684 faciat
261 620 524 685 consuetudines
539 623 575 685 01
590 622 684 685 00010
704 619 853 699 servitia,
869 641 943 703 quae
958 619 989 684 01
1004 619 1117 685 facere
1134 617 1234 684 debet
1249 617 1291 683 de

137 705 245 770 libero
259 711 455 774 tenemento
473 729 534 772 suo
550 707 639 792 quod
661 707 703 772 de
718 728 757 771 eo
773 710 869 773 tenet
888 706 925 770 10
947 706 1177 786 Edelintham,
1193 709 1232 769 ut
1254 704 1289 767 in

138 792 319 877 homagiis,
343 794 486 874 releviis,
513 798 548 860 et
578 794 667 874 aliis,
695 797 758 860 010.
813 796 857 858 Et
881 794 972 858 unde
995 793 1190 877 dicitquod
1215 813 1291 856 cum

138 881 319 965 pradictus
341 882 515 947 Johanues
537 886 633 948 tenet
653 882 694 945 de
714 881 788 965 ipso
809 881 962 946 Waltero
985 883 1140 965 quartam
1159 883 1292 964 partem

140 968 283 1034 manerii
310 970 350 1033 de
381 968 611 1048 Edeliutham,
635 968 804 1034 reddendo
831 969 909 1033 inde
935 990 995 1052 per
1025 989 1152 1031 annum
1183 967 1292 1031 eidem

140 1055 295 1120 Waltero
310 1077 415 1120 unam
429 1077 586 1136 marcam,
599 1059 634 1120 et
648 1055 806 1120 10010010
821 1055 852 1121 01
868 1055 1064 1140 homagium
1076 1061 1111 1120 et
1120 1053 1291 1134 relevium,

141 1149 178 1207 01
189 1143 233 1206 01
243 1144 435 1228 scutagium
446 1143 575 1208 domini
590 1143 695 1228 Regis
711 1142 745 1205 xl
756 1144 793 1222 ε’,
811 1143 944 1226 quando
954 1141 1114 1222 evenerit,
1127 1142 1243 1206 decem
1254 1140 1292 1221 ε’,

142 1232 178 1294 01
193 1230 237 1294 01
251 1229 338 1314 plus,
353 1230 440 1315 plus,
458 1231 551 1295 etad
568 1230 691 1310 minus,
707 1231 831 1307 minus,
847 1233 882 1294 01
896 1230 1054 1294 faciendo
1075 1229 1106 1295 ei
1128 1228 1293 1293 auxilium

142 1317 187 1380 ad
216 1316 322 1381 filium
353 1339 451 1382 suum
481 1316 745 1402 primogenitum
776 1316 919 1382 militem
949 1316 1154 1395 faciendum,
1185 1319 1221 1380 et
1251 1315 1294 1380 ad

141 1403 247 1468 filiam
273 1426 369 1468 suam
398 1405 662 1489 primogenitam
686 1404 925 1483 maritandam,
950 1405 1001 1467 ita
1030 1403 1120 1488 quod
1149 1402 1293 1488 ipsemet

142 1491 214 1554 fuit
228 1491 366 1556 saisitus
378 1493 419 1557 de
427 1491 597 1577 praedictis
613 1491 760 1556 servitiis
772 1512 833 1575 per
844 1513 981 1555 manum
991 1491 1097 1575 ipsius
1112 1490 1134 1554 J
1136 1489 1292 1569 ohannis,

142 1581 184 1642 ut
204 1578 246 1642 de
269 1579 370 1643 feodo
391 1583 426 1644 et
447 1579 524 1664 jure
550 1582 701 1664 tempore
722 1579 851 1643 domini
875 1578 979 1662 Regis
1001 1599 1103 1657 nunc,
1130 1577 1294 1662 capiendo

144 1665 223 1729 inde
239 1665 386 1750 expletia
409 1665 453 1729 ad
475 1665 667 1745 valentiam,
684 1669 760 1744 010,
775 1665 956 1750 praedictus
977 1665 999 1729 J
1001 1665 1151 1730 ohannes
1168 1666 1294 1750 injuste

144 1752 272 1818 dedicit
287 1754 399 1818 facere
415 1752 446 1820 ei
461 1753 624 1837 praedicta
636 1752 783 1817 servitia.
820 1753 867 1815 Et
877 1752 966 1836 quod
976 1751 1044 1816 tale
1060 1753 1106 1816 sit
1116 1754 1172 1838 jus
1183 1773 1293 1830 suum,

145 1840 258 1920 offert,
275 1845 339 1906 010.

210 1929 257 1991 Et
275 1927 450 1992 Johannes
473 1926 567 1991 venit
587 1929 623 1991 01
643 1925 798 1991 defendit
821 1926 889 1990 vim
911 1930 947 1991 01
964 1924 1126 2010 injuriam
1151 1925 1295 2009 quande,

147 2017 223 2094 010,
240 2017 275 2080 01
290 2015 374 2080 bene
389 2013 563 2099 cognoscit
579 2013 667 2096 quod
682 2016 778 2077 tenet
795 2013 837 2077 de
858 2013 1018 2097 praedicto
1033 2012 1186 2078 Waltero
1201 2018 1296 2077 tene-

146 2105 299 2165 mentum
314 2101 512 2186 praedictum
532 2122 593 2186 per
615 2100 791 2164 servitium
806 2100 967 2166 reddendi
983 2101 1014 2163 ei
1030 2121 1131 2163 unam
1148 2121 1296 2164 marcam

146 2210 208 2273 000
233 2189 326 2253 omni
357 2188 505 2267 servitio,
533 2191 568 2254 01
593 2187 636 2251 10
661 2187 797 2252 residuo
823 2188 1059 2270 praedictorum
1083 2187 1296 2252 servitiorum

147 2276 301 2342 defendit
320 2275 376 2361 jus
398 2297 497 2340 suum
520 2279 555 2339 et
579 2277 700 2353 totum,
727 2279 811 2352 etc.;
836 2278 871 2338 01
890 2275 989 2358 00011
1016 2294 1051 2338 00
1075 2275 1111 2337 10
1138 2296 1297 2359 magnam

147 2363 290 2427 assisam
315 2362 444 2427 domini
468 2362 583 2445 Regis,
608 2366 643 2426 et
669 2361 757 2445 00111
783 2361 1049 2444 recognitionem
1074 2361 1157 2440 fieri,
1182 2368 1298 2425 utrum

147 2450 220 2534 ipse
256 2449 369 2535 majus
402 2451 458 2534 jus
492 2449 618 2513 habeat
654 2449 792 2513 tenendi
830 2449 1029 2533 praedictum
1066 2452 1299 2514 tenementum

148 2537 190 2601 (10
204 2537 366 2621 praedicto
380 2535 535 2601 Waltero
550 2556 610 2621 per
621 2535 797 2600 servitium
812 2536 973 2602 reddendi
989 2535 1020 2599 01
1036 2557 1139 2599 unam
1152 2557 1300 2600 marcam

148 2645 208 2708 per
236 2645 363 2688 annum
394 2645 454 2709 pro
484 2623 577 2686 omni
608 2622 746 2687 servitio
771 2623 860 2687 sicut
883 2622 915 2687 ei
941 2622 1136 2707 recognovit
1165 2645 1209 2686 00
1239 2643 1300 2708 000

149 2711 267 2775 eadem
294 2710 441 2790 servitia,
464 2714 500 2775 01
519 2714 680 2794 praterea
699 2709 849 2774 faciendi
871 2710 902 2775 01
926 2709 1132 2794 homagium,
1158 2715 1193 2774 et
1216 2708 1300 2775 rele-

149 2797 253 2879 vium,
278 2798 381 2862 etad
406 2797 598 2882 scutagium
629 2797 855 2881 quadraginta
883 2796 920 2876 s’,
954 2796 1065 2862 decem
1096 2798 1133 2876 ε’,
1164 2797 1299 2880 quando

150 2883 309 2965 evenerit,
326 2885 418 2949 etad
437 2883 522 2968 plus,
539 2884 626 2969 plus,
644 2888 679 2947 et
701 2883 745 2946 ad
768 2883 890 2962 minus,
907 2883 1030 2962 minus,
1047 2889 1082 2946 et
1103 2884 1253 2950 10010011
1269 2883 1298 2948 01

150 2970 313 3037 auxilium
337 2971 380 3036 ad
400 2971 507 3035 filium
525 2993 623 3035 suum
648 2970 911 3054 primogenitum
931 2970 1075 3035 militem
1093 2971 1301 3050 faciendum,

150 3063 185 3124 et
200 3060 245 3124 ad
259 3059 362 3122 filiam
378 3080 474 3122 suam
484 3058 748 3143 primogenitam
763 3058 1002 3138 maritandam,
1015 3058 1104 3121 sicut
1118 3058 1299 3143 praedictus

150 3146 324 3212 Walterus
340 3145 383 3210 ab
407 3167 446 3210 eo
469 3144 588 3230 exigit.
634 3146 680 3209 Et
699 3130 874 3209 Johannes
892 3145 934 3208 de
958 3144 1103 3229 Oggille,
1125 3147 1145 3208 J
1148 3146 1300 3210 ohannes

151 3234 193 3297 de
219 3233 482 3318 Hertwayttcu',
506 3232 679 3297 Walterus
706 3232 748 3295 de
776 3232 992 3316 Swetthorp',
1023 3233 1059 3296 01
1088 3232 1235 3296 Thomas
1259 3233 1301 3297 de

151 3320 346 3404 Bykerton',
374 3323 520 3403 quatuor
544 3318 670 3382 milites
697 3318 797 3382 electi
823 3319 867 3382 ad
897 3317 1090 3403 eligendum
1114 3318 1301 3399 duodecim,

151 3413 316 3471 venerunt
347 3410 382 3470 et
411 3406 588 3490 elegenmt
616 3406 714 3485 istos,
745 3405 955 3470 Willelmum
991 3406 1033 3469 de
1063 3405 1301 3487 Flotevvarton,

152 3493 316 3559 Thomam
331 3493 373 3558 de
388 3492 595 3571 Clenehulle,
610 3493 798 3557 Robertum
819 3493 860 3557 de
875 3492 906 3556 le
923 3493 1031 3572 Ferte,
1048 3493 1236 3559 Robertum
1258 3494 1300 3559 de

153 3581 366 3665 Bydlisdene,
382 3580 568 3646 Robertum
589 3579 631 3646 10
654 3579 777 3659 Luker,
793 3579 1000 3644 Willelmum
1025 3580 1067 3645 de
1090 3580 1302 3666 Muschamp,

153 3667 355 3733 Michaelem
386 3668 426 3734 10
454 3666 603 3752 Kyllum,
633 3665 843 3730 Willelmum
872 3666 914 3732 de
947 3666 1100 3746 Halton',
1130 3668 1303 3752 Rogerum

154 3754 310 3836 Maudut,
326 3753 510 3818 Ricardum
525 3754 567 3819 de
582 3753 785 3831 Whelaund,
803 3754 1012 3838 Engramum
1029 3755 1070 3818 de
1084 3755 1303 3835 Warenham,

152 3842 340 3906 Robertum
355 3842 396 3908 de
411 3841 584 3918 Maneriis,
601 3841 623 3905 J
625 3840 792 3905 ohannem
809 3841 850 3904 de
872 3840 1101 3925 Herwayton',
1111 3842 1133 3906 J
1135 3842 1303 3906 ohannem

155 3928 309 4014 Oggylle,
325 3928 490 3993 Thomam
512 3929 553 3992 de
576 3928 756 4012 Bykerum,
773 3931 808 3991 et
823 3927 1014 3991 Walterum
1030 3929 1071 3992 de
1088 3929 1303 4015 vaetthorp'.

156 4016 282 4081 Postea
304 4015 484 4100 pradictus
500 4014 673 4079 Walterus
691 4036 760 4078 000
784 4019 836 4080 001
858 4018 1066 4098 0000000100,
1083 4016 1159 4082 1100
1181 4015 1253 4100 1000
1268 4021 1304 4081 01

156 4103 211 4188 010
238 4103 261 4165 'i
276 4102 329 4167 sui
345 4103 386 4166 de
405 4101 637 4186 prosequendo
651 4101 688 4163 in
704 4101 791 4181 mis’,
809 4101 947 4181 scilicet,
963 4102 1138 4170 Johannes
1154 4103 1305 4168 Gevener

155 4193 192 4256 01
229 4190 382 4254 ohannes
398 4189 485 4253 filius
502 4187 648 4254 Gilberti
663 4188 705 4252 de
721 4187 871 4252 Dalton'.

221 4277 303 4343 Dies
334 4276 434 4341 datus
464 4280 516 4340 est
546 4274 594 4340 eis
617 4296 639 4339 a
662 4274 718 4339 die
746 4275 863 4340 Sancti
886 4275 1054 4340 Johannis
1081 4277 1246 4362 Baptistoe
1270 4278 1308 4343 in

157 4363 350 4451 quindecim
365 4362 449 4444 1100,
466 4368 549 4428 tune
563 4359 703 4427 veniant
717 4362 917 4428 duodecimi.
