2956 4988
285 471 399 520 rssrm
422 472 519 536 notu,
543 472 881 534 uonrnuunnnmum
906 453 924 518 7
949 472 1036 519 unu.
1060 471 1083 520 1.
1204 451 1264 518 331

118 631 214 692 tenet
236 628 272 714 lij
290 650 385 694 acras
405 633 504 694 terrae
530 628 567 692 in
590 629 785 714 Bamburg',
802 632 838 694 et
860 628 955 708 alias,
981 650 1041 713 per
1065 631 1271 713 praeceptum

120 715 403 797 Justiciariorum,
428 722 535 817 captae
558 718 699 782 fuerunt
723 717 760 781 in
789 739 893 781 manu
923 715 1052 781 domini
1082 715 1199 800 Regis,
1232 734 1271 779 eo

121 803 210 885 quod
226 804 416 870 convictum
428 803 499 868 fmt
515 804 603 889 quod
617 809 709 869 terra
725 803 784 868 illa
798 824 867 868 non
882 803 1076 888 pertinebat
1088 802 1131 867 ad
1144 806 1271 867 terram

121 888 225 969 illam,
250 911 350 974 quam
381 891 495 956 tenuit
521 912 581 976 per
605 891 814 975 sergentiam
840 890 881 954 de
912 891 1050 956 domino
1076 889 1180 973 Rege.
1226 888 1273 951 Et

121 976 241 1042 dicunt
266 977 357 1061 quod
375 982 468 1042 terra
491 977 552 1042 illa
573 977 643 1041 fuit
669 977 706 1041 in
731 999 834 1042 manu
849 977 977 1042 domini
1001 976 1143 1042 Henrioi
1167 974 1272 1060 Regis

122 1085 182 1147 per
206 1070 352 1148 quatuor
377 1085 495 1144 annos,
522 1065 573 1130 ita
599 1065 687 1148 quod
714 1065 871 1130 dominus
896 1065 967 1131 Rex
991 1063 1081 1148 cepit
1106 1063 1186 1128 inde
1212 1082 1274 1146 per

122 1172 251 1215 annum
275 1155 413 1218 centum
443 1156 477 1218 et
507 1157 654 1236 quatuor
682 1154 720 1217 ε’.
766 1152 813 1216 Et
842 1151 994 1235 quadam
1024 1150 1174 1230 Beatrix,
1200 1148 1273 1214 filia

121 1237 261 1319 odonis,
293 1241 402 1303 mater
431 1239 584 1323 praedicti
610 1239 785 1317 Willelmi,
810 1239 926 1303 tenuit
961 1237 1102 1305 eandem
1135 1243 1271 1303 terram.

122 1326 168 1389 Et
190 1324 268 1391 inde
298 1325 383 1391 obiit
408 1326 536 1405 seisite,
567 1329 602 1392 et
628 1325 718 1391 idem
749 1325 938 1391 Willelmus
962 1324 1105 1390 intravit
1134 1324 1272 1409 praedic·

123 1415 194 1475 tam
217 1416 343 1477 terram
367 1417 613 1497 postmortem
639 1413 805 1498 praedicta
829 1412 1005 1478 Beatricis.
1050 1413 1096 1477 Et
1123 1412 1274 1478 nescitur

122 1499 267 1582 qualiter
282 1504 374 1564 terra
398 1499 458 1563 illa
484 1500 589 1564 exivit
616 1500 657 1565 de
683 1523 787 1567 manu
811 1500 939 1564 domini
963 1500 1078 1584 Regis.
1124 1499 1170 1562 Et
1194 1498 1274 1583 quia

122 1587 212 1650 idem
227 1586 416 1654 Willelmus
431 1586 573 1652 intravit
588 1588 784 1672 praedictam
807 1590 933 1651 terram
948 1609 1008 1672 per
1028 1586 1273 1652 successionem

123 1673 335 1753 hereditatis,
352 1673 429 1739 ideo
444 1674 570 1739 habeat
586 1675 742 1740 dominus
758 1675 831 1739 Rex
847 1674 945 1740 breve
961 1696 1058 1739 sumn
1069 1695 1169 1757 super
1184 1694 1273 1753 eum,

123 1761 152 1825 si
167 1759 320 1841 voluerit,
338 1764 402 1826 etc.

187 1897 209 1962 J
211 1902 362 1964 uratores
388 1903 597 1984 praesentant
622 1899 710 1984 quod
731 1900 920 1964 Willelmus
946 1900 1083 1983 Eyrum‚
1100 1899 1179 1963 dum
1203 1898 1274 1963 fuit

125 1984 307 2050 vicecomes
323 1990 358 2050 et
373 1986 643 2051 constabularius
656 1986 770 2051 Castri
780 1987 820 2051 de
830 1987 1025 2070 Bamburg’,
1037 1986 1147 2070 primo
1161 1987 1275 2052 tenuit

125 2072 251 2156 placita
267 2073 307 2136 de
325 2073 438 2138 namio
453 2074 560 2139 vetito
575 2073 666 2157 apud
690 2075 884 2158 Bamburg'‚
901 2078 936 2138 et
960 2095 1076 2139 omnes
1092 2074 1273 2138 constabu-

124 2158 201 2222 larii
218 2159 275 2243 qui
298 2167 533 2225 successerunt
547 2160 639 2225 dicto
656 2160 825 2227 Willelmo
840 2160 891 2225 ita
905 2161 1070 2225 fecerunt.
1119 2161 1163 2224 llt
1180 2161 1273 2245 jura-

125 2250 215 2310 tores
244 2247 376 2331 quaesiti
403 2247 491 2332 quod
516 2248 546 2312 si
561 2246 745 2313 vicecomes
772 2247 872 2312 istius
899 2249 1082 2313 comitatus
1107 2248 1275 2314 tenuisset

127 2332 186 2398 illa
205 2332 331 2417 placita
350 2335 386 2397 in
404 2335 580 2414 comitatu,
593 2335 750 2399 dominus
766 2336 850 2414 Rex,
866 2336 978 2418 quoad
993 2335 1147 2400 custodia
1163 2333 1275 2399 Casiri

125 2420 288 2505 praedicti,
307 2420 447 2485 haberet
462 2420 597 2505 aliquod
619 2422 814 2505 dampnum,
831 2421 949 2486 dicunt
965 2422 1053 2505 quod
1074 2442 1154 2501 non,
1172 2421 1275 2486 immo

125 2508 216 2572 foret
230 2509 275 2571 ad
294 2509 506 2572 commodum
519 2509 627 2574 totius
651 2509 768 2594 patriae
788 2512 823 2573 et
837 2508 962 2573 villatae
978 2507 1153 2592 praedictae.
1193 2509 1276 2573 Ideo

126 2593 206 2660 inde
221 2593 436 2678 loquendum.

89 2808 97 2829 ‚
190 2747 242 2812 De
253 2748 369 2814 eadem
385 2747 503 2813 villata
515 2749 557 2814 de
571 2749 639 2814 fine
650 2769 711 2833 pro
723 2769 758 2814 se
773 2752 808 2815 et
823 2748 868 2833 xij
886 2748 1096 2833 juratoribus
1112 2749 1277 2834 drapariis

128 2840 163 2901 et
179 2834 354 2899 vinolariis
370 2857 431 2920 pro
447 2835 700 2901 concelamento
715 2840 751 2900 et
765 2835 840 2900 aliis
856 2835 1165 2920 trangressionibus
1177 2859 1197 2901 v
1208 2839 1262 2901 m’.

193 2990 244 3057 De
255 2990 404 3075 antiquis
414 2990 725 3069 consuetudinibus,
736 2994 811 3069 eto,
824 2990 943 3055 dicunt
951 2991 1040 3074 quod
1050 2990 1143 3055 vicus
1153 2989 1277 3075 Hospi-

128 3077 208 3142 talis
235 3079 352 3142 Sancti
368 3078 535 3145 Osewaldi
558 3078 600 3142 de
622 3077 817 3163 Bambnrg’,
834 3099 931 3161 quem
959 3077 1057 3142 Prior
1083 3078 1124 3144 de
1152 3080 1278 3143 Sancto

128 3164 302 3230 Osewnldo
317 3168 424 3243 tenet,
442 3165 529 3230 solet
550 3164 700 3231 invenire
718 3168 875 3249 quartam
896 3168 1027 3248 partem
1050 3163 1179 3229 servitii
1201 3185 1274 3249 per·

128 3251 271 3316 tinentia
283 3252 326 3316 ad
345 3251 457 3315 villam
472 3253 513 3316 de
529 3252 711 3337 Bamburg’
734 3255 805 3315 tam
828 3273 941 3316 coram
959 3250 1160 3335 justiciariis
1176 3273 1276 3336 quam

129 3339 204 3403 aliis
221 3361 259 3405 ex
273 3343 371 3423 parte
394 3339 523 3403 domini
546 3338 659 3424 Regis.
705 3338 752 3402 Et
775 3339 873 3403 modo
889 3338 1061 3403 servitium
1088 3338 1172 3403 illud
1200 3339 1278 3403 sub-

128 3429 277 3490 tractum
303 3430 356 3490 est
378 3427 450 3509 jam
474 3446 533 3490 sex
559 3425 658 3491 annis
679 3425 814 3509 elapsis,
830 3425 881 3490 ita
897 3427 985 3510 quod
1007 3426 1107 3491 modo
1132 3446 1199 3490 non
1226 3426 1278 3489 in-

129 3513 246 3577 veniut
277 3512 344 3577 nisi
371 3517 503 3577 sextam
535 3519 667 3598 partem
692 3513 846 3597 praedicti
876 3511 1006 3577 servitii
1026 3512 1070 3576 ad
1093 3513 1276 3596 dampnum

129 3601 236 3665 totius
260 3599 359 3685 burgi
379 3599 541 3684 praedicti.
587 3601 669 3664 Ideo
683 3604 889 3684 praeceptum
910 3603 961 3664 est
981 3600 1171 3665 vicecomiti
1188 3600 1278 3683 quod

127 3687 235 3751 faciat
259 3709 336 3759 eum
352 3687 465 3752 venire
482 3685 573 3771 apud
595 3687 784 3752 Eboracum
800 3687 838 3750 in
854 3687 1003 3752 crastino
1019 3687 1152 3752 Sanctae
1167 3687 1278 3750 Trini-

129 3773 224 3855 tatis,
240 3778 303 3840 etc.

309 3968 463 4034 mes
486 3989 532 4034 Du
554 3970 763 4034 WARNBMUE
786 3989 889 4033 vum
912 3989 978 4032 PER
1001 3972 1106 4034 mein·

194 4123 377 4208 Gregorius
393 4124 435 4189 de
446 4122 730 4189 Warnemuefuit
746 4128 926 4188 coronator
940 4127 1017 4208 post
1033 4122 1191 4188 ultimum
1202 4123 1280 4204 iter,

128 4212 187 4296 qui
203 4211 302 4276 modo
316 4211 411 4276 venit
426 4214 461 4276 et
476 4209 657 4295 respondet
672 4212 713 4274 de
728 4218 879 4295 tempore
896 4232 967 4276 suo.

194 4366 361 4431 Robertus
378 4365 468 4431 filius
483 4363 642 4431 Nicholai
655 4364 791 4430 furatus
805 4361 876 4429 fuit
891 4387 996 4429 unum
1011 4364 1130 4430 bovem
1145 4366 1182 4429 in
1197 4367 1278 4434 villa
1323 4402 1347 4450 γ

100 4518 103 4525 ,
130 4456 172 4520 de
187 4454 402 4534 Warnemue,
417 4458 453 4518 et
473 4452 644 4518 subtraxit
667 4474 702 4520 se
718 4457 752 4518 et
767 4452 1013 4533 malecreditur,
1030 4452 1106 4519 ideo
1121 4452 1279 4540 exigatur
