2956 4988
282 508 397 553 sssrzn
420 509 518 570 aona,
543 510 878 569 uonrfluusnanarn,
902 490 945 554 40
968 510 1051 554 aar.
1075 510 1129 554 111.
1241 487 1282 552 83

130 660 318 742 sinistrum,
335 670 370 728 et
392 664 444 729 ita
472 664 724 731 maletractavit
746 685 831 743 eam,
849 665 938 748 quod
961 662 1065 729 tertio
1081 664 1136 731 die
1162 666 1282 749 postea
1320 688 1381 749 st

127 747 209 814 inde
224 749 321 816 obiit.
366 752 412 815 Et
427 751 618 816 Willelmus
631 752 749 816 statim
759 752 852 838 fugit
862 763 897 818 et
907 750 1153 818 malcoreditur.
1199 751 1282 815 Ideo

131 836 287 922 exigatur
319 842 354 902 et
392 839 576 924 utlagetur.
637 838 771 904 Catulla
797 841 869 923 ejus
898 861 966 903 xxv
975 838 1018 920 d’,
1048 840 1138 903 unde
1164 838 1282 903 villata

130 925 343 1008 respondeat.
389 927 435 989 Et
458 927 622 1010 quiahoc
643 927 775 991 tactum
791 927 862 991 ¹fuit
881 927 922 990 de
943 926 998 991 die
1018 931 1053 993 et
1071 926 1191 992 villata
1213 946 1282 990 non

131 1013 222 1096 oepit
237 1012 360 1098 ipsum,
376 1014 452 1079 ideo
468 1014 504 1077 in
520 1015 606 1080 mis'.

196 1150 363 1216 Ricardus
402 1153 443 1217 de
480 1153 630 1233 Neuton,
655 1152 860 1238 capellanus,
894 1152 1065 1238 Magister
1101 1151 1282 1238 hospitalis
1302 1146 1311 1171 ²

132 1236 265 1303 Sanctae
288 1238 491 1323 Margaretae
514 1241 556 1305 de
580 1241 762 1324 Westgat',
785 1240 848 1305 ivit
872 1240 908 1304 in
931 1240 1057 1305 lectum
1085 1262 1183 1305 suum
1206 1260 1283 1304 cum

129 1323 295 1391 fratribus
311 1326 463 1410 ejusdem
487 1328 617 1408 domus,
634 1328 670 1391 in
694 1328 904 1407 dormitorio,
931 1333 966 1392 et
989 1328 1124 1411 quando
1146 1327 1283 1392 iverunt

130 1411 175 1475 ad
199 1413 385 1478 matutinas
410 1415 612 1480 dimiserunt
638 1415 782 1480 eundem
805 1415 1015 1499 capellanum
1039 1415 1076 1478 in
1095 1415 1193 1480 lecto·
1210 1434 1281 1494 suo,
1332 1464 1346 1495 f

131 1498 213 1583 quia
227 1499 314 1564 dixit
329 1522 365 1565 se
389 1522 461 1566 esse
487 1502 669 1567 infirmum.
717 1502 843 1567 Statim
857 1507 936 1587 post
950 1522 1118 1568 recessum
1133 1502 1282 1566 fratrum
1329 1498 1333 1519 ²
1379 1495 1459 1567 -,υ·’

132 1607 279 1667 suorum,
304 1587 367 1653 ivit
386 1589 553 1654 Ricardus
577 1590 612 1652 in
637 1611 804 1655 cameram
824 1590 1029 1655 forinsecam
1045 1593 1080 1655 et
1104 1589 1282 1675 suspendit
1330 1614 1366 1673 χ·

132 1694 168 1739 se
191 1673 302 1759 ipsum
332 1696 418 1741 cona
443 1698 516 1741 sua.
576 1676 778 1757 Willelmus,
805 1677 915 1761 pistor
938 1676 1128 1762 hospitalis,
1153 1676 1282 1761 p1imus
1339 1720 1348 1765 Ι-

130 1760 298 1842 inventor,
336 1764 430 1827 venit
466 1769 501 1828 et
538 1786 607 1829 non
645 1764 894 1844 malcoreditur,
931 1785 994 1829 nec
1031 1763 1153 1849 aliquis
1183 1763 1281 1827 alius.

24 1876 39 1895 ·
133 1848 315 1930 Judicium,
331 1850 461 1929 felonia
475 1853 516 1917 de
532 1873 579 1918 se.
624 1851 729 1916 Nulla
750 1851 885 1936 propria
901 1851 1023 1917 habuit
1038 1851 1173 1917 catalla.

198 1996 249 2061 De
259 1996 359 2081 prisis
372 1996 501 2061 domini
512 1997 629 2081 Regis,
642 1997 762 2061 dicunt
775 1998 864 2080 quod
875 1997 966 2081 apud
977 1997 1111 2062 Novum
1124 1998 1282 2061 Castrum

131 2103 193 2167 per
207 2084 398 2166 quindecim
414 2084 485 2149 dies
502 2089 582 2151 ante
605 2085 878 2150 Purificationem
902 2085 1015 2150 Beatae
1030 2084 1157 2164 Mariae,
1173 2089 1209 2148 et
1223 2104 1284 2168 per

132 2169 323 2254 quindecim
338 2172 409 2236 dies
425 2176 553 2256 postea,
570 2175 684 2256 potest
699 2171 970 2237 constabularius
986 2171 1090 2236 castri
1105 2191 1224 2256 capere
1240 2170 1283 2235 sd

132 2278 216 2342 opus
232 2280 341 2337 suum,
358 2259 387 2323 si
402 2259 556 2335 voluerit,
573 2262 710 2324 eentum
732 2259 902 2338 hadocos,¹
919 2259 945 2323 si
967 2258 1196 2338 inveniantur,
1222 2276 1284 2341 pro

133 2345 242 2411 sexd’.
287 2346 334 2409 Et
358 2346 515 2410 similiter
535 2368 596 2430 per
619 2350 731 2410 totum
756 2367 883 2409 annum
910 2367 1030 2432 capere
1043 2348 1158 2430 potest
1179 2365 1284 2409 unam

131 2432 328 2513 morucam,²
351 2432 403 2498 vel
425 2454 529 2496 unum
557 2454 688 2518 gunger
710 2433 933 2512 bastardum,³
953 2432 1005 2497 vel
1030 2454 1133 2497 unam
1156 2453 1282 2516 rayam,

132 2540 193 2603 pro
208 2519 221 2604 j
235 2520 278 2599 d',
295 2520 323 2584 si
338 2524 407 2584 tres
423 2521 475 2586 vel
497 2520 609 2605 plures
625 2519 842 2587 inveniantur
857 2520 893 2582 in
909 2520 1023 2603 aliquo
1045 2519 1180 2585 batello.
1226 2518 1285 2583 Ita

133 2611 249 2671 tamen
264 2607 352 2691 quod
367 2607 516 2692 piscator
531 2607 659 2686 batelli,
677 2608 706 2672 si
722 2606 876 2686 voluerit,
894 2612 1005 2691 potest
1021 2607 1144 2692 eligere
1168 2628 1283 2670 unum.

132 2693 253 2759 Potest
276 2695 380 2760 etiam
407 2714 525 2778 capere
564 2695 607 2759 ad
637 2696 844 2759 credentiam
874 2694 909 2758 xl
921 2694 954 2757 d'
984 2694 1093 2779 panis,
1125 2694 1284 2772 servicia,

133 2780 234 2865 piscis
250 2786 286 2845 et
300 2780 411 2846 carnis
426 2803 486 2866 per
500 2781 535 2845 xl
551 2782 622 2846 dies
638 2785 784 2846 tantum.
829 2782 875 2845 Et
898 2786 967 2845 tam
985 2781 1044 2844 diu
1066 2803 1167 2864 quam
1184 2780 1285 2845 debet

133 2868 197 2933 hoc
206 2868 369 2949 debitum,
383 2890 451 2933 non
461 2869 562 2934 debet
573 2889 691 2953 capere
704 2869 777 2953 plus
793 2869 837 2932 ad
848 2867 1046 2952 praedictum
1057 2867 1285 2933 creditorem.⁴

197 3005 372 3071 Juratores
387 3010 595 3090 presentant
612 3006 699 3088 quod
711 3004 903 3070 Willelmus
919 3006 1073 3090 Heyrun‚
1089 3005 1283 3086 vicecomes,

134 3093 224 3177 cepit
233 3093 255 3158 J
257 3094 426 3158 ohannem
443 3093 609 3159 Clericum
620 3114 680 3177 pro
692 3093 837 3176 quadam
850 3093 1067 3177 responsione
1079 3091 1283 3174 voluntaria,

134 3184 169 3245 et
183 3180 291 3264 ipsum
317 3181 437 3244 deduci
453 3180 612 3266 praecepit
628 3181 664 3242 in
677 3180 865 3258 castellum,
882 3186 918 3244 et
932 3179 1042 3264 ipsum
1059 3179 1209 3244 detinuit
1224 3201 1285 3264 per

132 3267 146 3352 j
172 3271 305 3331 noctem
333 3273 452 3333 eontra
475 3267 613 3331 vadium
639 3271 675 3331 et
698 3266 860 3352 plegium.
918 3266 1046 3332 Dicunt
1061 3266 1165 3331 etiam
1195 3268 1285 3350 quod

136 3354 405 3419 constabularius
421 3354 575 3440 ejusdem
600 3353 703 3418 castri
731 3354 820 3438 cepit
850 3354 1003 3434 bordum,
1020 3353 1157 3418 nomine
1186 3355 1286 3438 prisae

133 3441 261 3506 domini
284 3441 400 3527 Regis,
423 3463 444 3506 a
467 3443 611 3526 quodam
634 3452 739 3505 nauta
764 3442 806 3505 de
829 3440 1059 3526 Northvveye‚⁶
1076 3441 1133 3524 qui
1157 3440 1285 3525 juravit

134 3528 223 3612 quod
237 3549 410 3613 nunquam
425 3529 599 3594 accederet
620 3529 663 3592 ad
678 3528 812 3593 Novum
835 3527 993 3592 Castrum
1017 3549 1090 3592 cum
1117 3527 1285 3611 aliquibus

134 3614 241 3716 bonis,
257 3637 319 3681 nec
329 3616 463 3741 ⁰aliquis
480 3615 566 3681 alius
581 3637 681 3699 quem
693 3615 854 3700 impedire
869 3619 995 3699 posset,
1012 3615 1093 3678 dum
1108 3615 1180 3700 ipse
1196 3619 1286 3681 esset

134 3723 327 3768 vlcecomes.

198 3840 327 3905 Dicunt
364 3841 468 3905 etiam
518 3840 606 3923 quod
643 3840 826 3905 vicecomes
864 3839 955 3923 cepit
992 3839 1071 3904 vina
1108 3839 1286 3923 cujusdam
1348 3882 1379 3905 ψ

134 3927 340 4008 mercatoris,
358 3931 415 4011 qui
438 3928 622 3992 vocabatur
645 3927 760 3992 Punce
777 3927 924 4008 nomine,
941 3926 976 3990 in
1000 3927 1147 4010 quodam
1164 3927 1287 3991 celario

134 4036 194 4100 per
215 4037 256 4079 xv
271 4015 342 4080 dies
366 4019 401 4079 et
424 4015 513 4098 cepit
528 4014 570 4078 de
594 4014 719 4080 eisdem
746 4014 793 4100 xij
821 4014 929 4094 dolen,
955 4013 1128 4097 quodlibet
1152 4013 1286 4079 doleum

168 4188 176 4220 ¹
194 4188 340 4242 Haddools.
771 4185 781 4217 ⁸
800 4188 881 4238 What
898 4188 919 4238 is
936 4187 1060 4253 probably
1077 4192 1164 4238 meant
1182 4187 1242 4238 here
1259 4187 1289 4249 is,

167 4254 177 4286 ²
195 4257 310 4316 Horror,
322 4273 337 4307 a
348 4256 394 4308 cod
407 4256 462 4307 fish.
737 4254 795 4304 that
806 4254 838 4304 ho
850 4270 929 4305 swore
946 4255 978 4305 hc
991 4254 1073 4304 would
1085 4269 1162 4305 never
1173 4269 1243 4304 come
1261 4258 1288 4304 to

168 4320 179 4352 ³
198 4323 327 4389 Probably
343 4338 447 4388 conger,
459 4321 510 4372 and
522 4339 611 4388 rayam
628 4337 685 4386 pro·
737 4319 881 4371 Newcastle
893 4321 955 4371 with
972 4336 1024 4385 any
1041 4321 1126 4385 goods‚
1140 4335 1188 4370 nor
1204 4320 1288 4371 would

134 4390 277 4506 appan
736 4386 1289 4519 luvelttdtmtlldltttrtt

225 4474 240 4504 e
846 4492 853 4514 9

167 4521 177 4554 ¹
194 4495 316 4590 Norvsy.
737 4519 834 4572 sheriff.

1050 4586 1113 4650 02
