2956 4988
299 454 415 503 000100
437 455 536 518 noun,
559 453 902 515 noarnnnsnamnn,
926 434 968 498 53
992 454 1075 500 nun.
1098 453 1152 500 111.
1242 431 1302 495 161

147 610 210 685 aut
223 609 351 696 repelli,
366 610 454 677 bene
475 610 591 678 licebit
610 610 774 696 praedicto
792 609 930 674 Thomae
955 611 989 674 et
1012 606 1194 674 heredibus
1221 603 1303 685 suis,

144 693 203 780 jus
225 698 465 783 praedictorum
489 698 664 763 hominum
684 718 832 776 suorum,
849 700 1013 780 tanquam
1036 695 1092 781 jus
1118 692 1303 780 proprium,

146 782 282 869 exigere
305 787 341 851 et
362 785 507 853 clamare
529 786 714 853 secundum
736 784 1017 850 consuetudinem
1038 782 1134 866 regni
1157 778 1303 865 Angliae.

147 869 232 937 Haec
262 872 377 939 omnia
412 874 609 959 praescripta
644 873 810 938 tenebunt
847 871 1029 955 praedictus
1067 869 1237 934 Robertus
1268 869 1304 932 et

148 956 290 1025 heredes
309 960 372 1042 sui,
388 960 501 1025 soluta
515 964 550 1025 et
566 960 691 1044 quieta,
717 958 768 1023 ita
783 958 872 1043 quod
892 957 1073 1042 praedictus
1088 956 1236 1021 Thomas
1251 952 1304 1020 vel

148 1043 289 1113 heredes
306 1047 359 1112 sui
374 1047 511 1132 aliquod
522 1049 579 1132 jus
594 1046 647 1112 vel
662 1046 822 1111 clamium
836 1045 873 1108 in
887 1044 1069 1131 praemissis
1090 1043 1224 1127 exigere
1249 1039 1304 1105 vel

147 1133 326 1200 vendicare
343 1135 442 1220 [non]
456 1139 619 1221 poterunt
630 1135 879 1219 inperpetuum,
892 1132 1042 1216 exceptis
1052 1130 1209 1197 omnibus
1218 1150 1302 1214 prae-

149 1218 243 1285 dicto
253 1221 390 1287 Thema
399 1225 434 1287 et
444 1222 622 1288 heredibus
630 1221 699 1286 suis
710 1243 783 1305 quae
794 1219 947 1304 superius
957 1219 993 1282 in
1005 1219 1068 1284 hoc
1078 1218 1204 1302 scripto
1215 1215 1303 1281 exci-

149 1307 293 1392 piantur
302 1309 350 1375 eis
359 1331 420 1394 pro
430 1309 505 1389 hac,
516 1312 580 1375 etc.
608 1306 970 1373 PraedictusRobertus
978 1303 1200 1389 filiusRogeri
1209 1302 1304 1368 dedit

149 1390 1304 1481 etconcessitproseetheredibussuisproedictoThomaeetheredibus

151 1482 221 1546 suis
233 1486 347 1548 totum
358 1484 496 1550 boscum
505 1505 582 1549 cum
590 1483 807 1568 pertinentiis
820 1481 877 1565 qui
889 1485 1028 1545 vocatur
1038 1476 1304 1557 Dunstanwode‚

151 1567 243 1635 inter
257 1569 402 1636 Diveles’
414 1592 531 1636 versus
540 1571 704 1635 orientem
721 1574 756 1636 et
771 1569 895 1634 divisas
905 1567 1162 1653 Archiepiscopi
1177 1565 1306 1630 Ebora

151 1657 263 1722 censis
278 1659 472 1725 observatas
487 1658 542 1723 die
558 1657 661 1743 hujus
678 1657 941 1741 compositionis,
966 1655 1002 1718 in
1025 1654 1210 1733 occidente,
1234 1651 1307 1716 sine

153 1741 1304 1830 aliquoretenemeuto‚salvapraediotoRobert0‚heredibus,ethomi-

152 1831 253 1896 nibus
269 1833 339 1898 suis
354 1833 396 1897 de
411 1832 595 1917 Oorbrigge
611 1852 789 1897 commune
803 1833 950 1916 pasturae
965 1828 1001 1892 in
1017 1829 1135 1895 eodem
1150 1830 1250 1894 bosco
1263 1829 1305 1893 de

151 1917 398 1984 Dunstanwod'
414 1924 449 1984 00
464 1920 551 1983 Bula
567 1919 761 1984 hominibus
777 1916 860 1983 dicti
875 1916 1017 1982 Roberti
1039 1916 1097 1979 lilii
1119 1916 1244 2000 Rogeri
1264 1917 1306 1981 de

152 2003 329 2091 Oorbrigg’
343 2007 386 2071 ad
394 2008 524 2072 festum
534 2006 652 2070 Sancti
661 2006 683 2070 J
684 2006 829 2070 ohannis
841 2003 1005 2088 Baptistae
1015 2004 1058 2067 ad
1068 2008 1303 2068 ornamentum

152 2091 327 2158 domorum
338 2115 553 2179 suarum,per
561 2093 670 2157 visum
679 2092 853 2158 forestarii
862 2090 1088 2156 dictiThomae
1099 2093 1134 2154 00
1144 2090 1304 2155 heredum

152 2200 299 2260 cuorum,
323 2181 397 2246 sine
419 2186 526 2258 vasto,
557 2181 645 2245 sicut
675 2179 798 2245 habere
830 2178 994 2243 solebant.
1041 2177 1239 2241 Tenendum
1270 2184 1305 2244 et

150 2266 355 2346 habendum,
372 2271 448 2347 etc,
464 2268 501 2331 in
516 2268 616 2332 feodo
632 2270 667 2332 et
684 2267 872 2332 hereditate
888 2266 932 2329 ad
948 2265 1135 2328 manerium
1150 2285 1250 2328 suum
1265 2267 1306 2331 de

150 2353 369 2438 Dyveleston'
395 2355 624 2440 pertinentem
651 2354 900 2439 imperpetuum
927 2352 1017 2417 sicut
1036 2350 1216 2437 praedictus
1238 2352 1305 2418 Ro·

149 2441 276 2520 bertus,
286 2440 340 2506 vel
348 2442 470 2526 aliquis
481 2445 733 2507 antecessorum
743 2462 891 2518 suorum,
899 2439 1011 2522 aliquo
1023 2441 1175 2523 tempore
1185 2439 1306 2505 melius

149 2534 185 2592 et
199 2527 340 2594 liberius
356 2529 486 2594 dictum
501 2529 638 2594 boscum
654 2527 777 2594 tenuit.
824 2526 1009 2591 Reddendo
1032 2525 1111 2589 inde
1127 2526 1306 2590 annuatim

148 2615 310 2700 predicto
338 2617 490 2681 Roherto
527 2620 563 2680 et
593 2615 774 2680 heredibus
812 2614 882 2679 suis
912 2634 1018 2677 unum
1048 2613 1225 2676 denarium
1262 2615 1307 2679 ad

148 2701 376 2768 Nativitatem
399 2703 539 2768 Domini
562 2724 622 2786 pro
646 2702 738 2766 omni
762 2701 910 2781 servitio,
934 2699 1189 2778 consuetudine,
1214 2705 1307 2766 sactu

147 2789 249 2854 ouriae
264 2793 299 2856 et
323 2791 501 2854 demanda.
547 2790 594 2853 Et
619 2789 801 2874 praedictus
827 2789 997 2853 Robertus
1022 2790 1058 2852 et
1085 2786 1222 2853 heredes
1253 2788 1307 2853 sui

146 2876 346 2961 praedictum
376 2877 515 2942 boscum
539 2897 616 2940 cum
638 2875 868 2961 pertinentiis,
892 2875 981 2939 sicut
1010 2873 1209 2958 praedictum
1241 2879 1305 2956 est,

70 3011 74 3018 -
147 2963 308 3048 praedicto
346 2963 482 3029 Thomas
519 2967 554 3029 et
582 2963 762 3028 heredibus
793 2962 864 3026 suis
893 2983 955 3046 pro
980 2960 1141 3046 praedicto
1169 2961 1306 3027 servitio

147 3053 266 3116 contra
295 3072 410 3116 omnes
441 3050 595 3116 homines
626 3049 898 3115 warantizabunt
924 3052 959 3112 et
986 3047 1181 3127 defendent,
1204 3053 1306 3134 prout

147 3139 344 3204 continetur
358 3138 395 3201 in
412 3138 613 3222 quibusdam
629 3137 764 3222 scriptis
780 3138 871 3201 inter
886 3156 943 3202 000
958 3135 1038 3199 inde
1053 3136 1230 3201 confectis.

212 3308 332 3373 Assisa
355 3307 449 3373 venit
475 3307 693 3392 recognitum
722 3307 750 3372 si
780 3308 936 3391 Rogerus
963 3307 1004 3371 de
1029 3306 1240 3373 Launcastre
1270 3313 1306 3374 et

44 3440 50 3450 .
146 3394 318 3481 Philippa,
336 3416 420 3460 uxor
435 3395 521 3480 ejus,
537 3395 724 3461 Nicholaus
740 3394 865 3459 Corhet
880 3398 916 3458 et
931 3393 1107 3472 Mariotta,
1124 3414 1209 3458 uxor
1220 3396 1304 3479 ejus,

148 3480 319 3547 Walterus
335 3481 376 3546 (10
386 3483 644 3548 Huntercumbe
655 3485 690 3545 et
706 3482 827 3562 Alicio,
837 3502 923 3545 uxor
934 3481 1021 3564 ejus,
1032 3480 1066 3544 fl
1116 3481 1303 3546 odeValli-

147 3570 211 3634 bus
227 3575 261 3634 et
276 3569 433 3648 Matillis,
449 3590 535 3634 uxor
549 3571 635 3655 ejus,
652 3569 826 3634 lohannes
843 3568 932 3632 lilius
948 3568 1032 3632 nliae
1047 3567 1088 3633 de
1138 3569 1303 3651 odinton'‚

148 3656 342 3721 Willelmue
355 3656 445 3720 filius
457 3656 607 3735 Ricardi,
618 3656 764 3722 Thomas
775 3656 877 3740 Hog'‚
889 3654 1061 3720 Henricus
1073 3654 1220 3734 Ballard,
1235 3656 1303 3722 Ro-

146 3743 264 3808 bertue
279 3743 369 3808 filius
380 3743 514 3822 Arkill',
526 3743 713 3809 Nicholaus
730 3744 770 3809 de
783 3743 1048 3828 Shyrningham,
1065 3745 1101 3806 et
1116 3742 1303 3810 Nicholaus

148 3829 189 3895 de
199 3831 414 3896 Bakeworth’
430 3831 559 3915 injuste
574 3834 609 3896 00
624 3832 695 3895 sine
704 3830 834 3913 judicio
843 3829 1100 3895 disseisiverunt
1115 3829 1303 3895 Uctredum

147 3917 313 4002 Dinning'
327 3918 368 3981 de
382 3917 514 4002 Nesbyt
529 3924 564 3983 00
579 3917 771 3982 Galfridum
793 3917 901 3981 filium
917 3917 1053 3980 Thomae
1068 3916 1108 3981 de
1124 3937 1303 3983 communa

148 4009 295 4089 pasturae
311 4026 380 4069 suae
395 4005 430 4067 in
446 4004 643 4085 Dodinton’,
659 4026 734 4088 quae
748 4005 899 4089 pertinet
914 4003 957 4067 ad
972 4003 1115 4068 liberum
1131 4007 1303 4071 tenemen-

147 4095 221 4156 tum
236 4113 333 4157 suum
350 4092 386 4155 in
401 4091 543 4176 Nesbyt,
559 4095 637 4177 post
654 4091 809 4176 primam,
835 4096 898 4156 etc.
944 4091 991 4153 Et
1006 4090 1096 4155 unde
1115 4096 1304 4173 queruntur

148 4179 238 4262 qnod
253 4179 511 4245 disseisiverunt
527 4200 583 4244 eos
593 4179 635 4243 de
646 4200 825 4244 commune
836 4183 983 4263 pastura
993 4178 1029 4241 in
1045 4198 1082 4241 cc
1097 4179 1184 4242 acris
1200 4180 1302 4262 prati,

147 4287 258 4346 morae,
274 4271 309 4331 00
323 4266 452 4332 bruerae
467 4267 502 4329 in
520 4265 642 4350 quihus
661 4267 909 4331 communicare
931 4264 1084 4330 solebant
1103 4286 1179 4329 cum
1195 4269 1302 4331 omni·

146 4353 256 4418 modis
279 4352 403 4419 averiis
420 4354 490 4418 suis
504 4374 565 4438 per
579 4355 691 4418 totum
707 4375 846 4418 annum.
892 4352 938 4416 nt
959 4352 1113 4436 Rogerus
1132 4354 1167 4415 et
1186 4372 1303 4421 omnes

146 4437 217 4521 elii,
245 4461 308 4534 per
335 4439 477 4516 ballivos
501 4461 591 4527 suos,
616 4440 758 4513 veniunt
782 4444 817 4506 et
841 4441 962 4508 dicunt
986 4439 1075 4526 quod
1100 4437 1209 4504 assisa
1234 4463 1303 4508 non

1143 4545 1171 4596 u
