2956 4988
254 430 370 476 sssrn
392 432 492 493 noun,
513 432 852 493 romanarum,
874 413 918 478 53
941 432 1024 478 m.
1047 433 1102 478 111.
1192 411 1253 477 191

106 583 262 652 debeant.
307 587 354 652 Et
379 588 470 653 uude
495 587 677 672 pradictus
703 587 873 653 Robertns
898 587 1054 673 queritur
1078 587 1168 673 quod
1197 608 1259 673 per

106 671 179 752 hoc,
204 675 294 757 quod
317 674 471 759 praedicti
498 674 665 758 Magister
689 674 808 740 etalii
834 675 977 759 exigunt
992 696 1205 740 communam
1220 675 1256 738 in

104 764 195 825 terra
211 782 273 825 sna
287 762 324 824 in
341 762 430 826 Suth
452 762 648 840 Goseforth,
676 762 901 828 deterioratus
933 766 987 827 est
1009 767 1045 826 et
1072 762 1256 847 dampnum

104 846 208 912 habet
222 849 266 912 ad
280 849 463 914 valentiam
594 855 605 895 1
620 856 656 913 et
670 849 748 915 inde
763 848 920 933 producit
936 853 1073 914 sectam.

169 935 216 998 Et
232 936 401 1021 Magister
416 943 451 1000 et
466 936 526 1000 alii
548 937 701 1014 veniunt,
717 941 753 1000 et
768 936 962 999 Willelmus
985 937 1075 1029 filius
1099 936 1257 1002 Nicholai

104 1020 188 1087 dicit
204 1024 292 1105 quod
299 1038 376 1086 nou
391 1027 488 1087 tenet
502 1023 639 1107 aliquod
654 1027 888 1088 tenementum
910 1044 971 1107 per
992 1025 1082 1109 quod
1105 1023 1254 1110 aliquam

105 1129 317 1173 commuuam
333 1111 370 1174 iu
384 1116 477 1174 terra
491 1111 598 1195 ipsius
614 1110 755 1174 Roberti
771 1111 807 1174 in
825 1111 912 1175 Suth
929 1109 1094 1176 Gostorth
1110 1111 1257 1183 clamare

105 1194 213 1280 possit
229 1217 290 1262 nec
306 1197 452 1281 aliquam
469 1219 683 1262 communam
696 1196 731 1260 in
745 1204 836 1264 terra
847 1197 954 1282 ipsius
966 1198 1108 1264 Roberti
1119 1197 1256 1264 clamat.

106 1283 150 1345 at
166 1282 336 1349 Robertus
352 1305 421 1348 uon
435 1288 550 1368 potest
564 1285 628 1349 hoc
650 1285 814 1363 dedicere,
831 1285 907 1348 ideo
931 1285 1181 1350 consideratum
1204 1291 1257 1350 est

104 1370 192 1453 quod
220 1371 400 1454 pradictus
425 1371 616 1436 Willelmus
639 1371 728 1436 filius
751 1371 911 1436 Nicholai
932 1373 1012 1436 iude
1035 1372 1108 1435 siue
1130 1372 1196 1452 die,
1220 1377 1256 1438 et

105 1457 274 1522 Robertus
297 1458 334 1521 in
361 1458 447 1522 mis’.
503 1459 549 1521 Et
574 1458 756 1542 pradictus
786 1458 978 1523 Willelmus
1009 1458 1099 1522 filius
1133 1459 1257 1545 Hayne

104 1544 300 1628 dicitquod
322 1566 389 1608 uon
413 1549 509 1609 tenet
531 1545 668 1629 aliquod
690 1551 923 1611 tenementum
947 1545 984 1608 in
1007 1545 1164 1625 Kiutou',
1189 1547 1257 1611 uisi

104 1637 240 1695 tautum
267 1632 447 1716 sexaginta
472 1653 568 1696 acras
595 1638 694 1696 terra
717 1634 760 1696 ad
787 1634 970 1697 terminum
995 1633 1053 1715 qui
1079 1653 1148 1697 uon
1174 1634 1257 1698 dum

106 1719 271 1802 praeteriit
286 1741 328 1784 ex
344 1720 541 1783 dimissione
556 1720 710 1804 predicti
727 1719 871 1784 Walteri
887 1721 929 1783 de
946 1718 1076 1804 Seleby,
1093 1741 1153 1804 per
1169 1723 1256 1803 quod

107 1807 178 1889 ipse
205 1807 327 1871 debeat
353 1807 499 1871 clamare
523 1827 737 1870 communem
761 1806 797 1869 in
823 1813 916 1872 terra¹
939 1806 1046 1890 ipsius
1062 1806 1205 1871 Roberti
1220 1809 1257 1872 in

106 1892 193 1956 Suth
213 1892 409 1971 Goseforth,
425 1903 461 1958 et
476 1897 576 1958 vocat
590 1894 682 1978 ipsos
699 1894 885 1960 Walterum
903 1898 938 1957 et
953 1895 1160 1977 Margeriam
1176 1895 1256 1961 inde

104 1981 146 2042 ad
172 1985 389 2058 warrantum,
414 1981 540 2045 habeat
564 2000 631 2060 eos,
657 1985 722 2046 etc.
768 1981 893 2044 Postea
912 1996 1078 2044 venerunt
1100 1981 1254 2065 praedicti

112 2067 279 2130 walterus
296 2073 331 2130 et
346 2067 528 2151 Margeria,
543 2088 604 2151 per
619 2071 830 2131 attornatum
854 2089 964 2145 suum,
979 2073 1015 2133 et
1030 2068 1257 2134 warantizant

104 2154 266 2238 pradicto
281 2153 450 2218 Willelmo
466 2160 502 2218 et
517 2154 722 2238 respondent
738 2176 814 2218 cum
829 2153 906 2218 aliis
921 2159 961 2218 ut
977 2155 1069 2218 infra
1083 2159 1190 2239 patet.

170 2242 216 2305 Et
238 2241 391 2325 praedicti
418 2241 596 2324 Magister,
622 2240 808 2319 Walterus,
835 2245 871 2304 et
896 2262 1013 2305 ornnes
1040 2241 1110 2321 alii,
1134 2247 1257 2327 praeter

104 2329 301 2413 pmdictum
331 2328 538 2391 Willelmum
565 2327 673 2391 filium
698 2327 867 2406 Nicholai,
893 2328 1086 2393 defendunt
1118 2329 1187 2393 vim
1219 2334 1255 2395 et

104 2417 274 2500 injuriam,
302 2416 448 2499 quando,
472 2421 548 2494 etc,
572 2419 608 2478 et
630 2416 750 2478 dicunt
772 2415 861 2498 quod
883 2415 976 2498 juste
1000 2415 1143 2499 exigunt
1172 2439 1254 2501 pra-

105 2504 231 2568 dictam
247 2523 460 2567 commuuam
475 2502 512 2564 iu
527 2510 618 2566 terra
633 2502 740 2586 ipsius
757 2502 898 2566 Roberti
909 2502 944 2564 in
957 2502 1045 2564 Suth
1059 2502 1254 2578 Goseforth,
1310 2575 1314 2585 ¹

108 2592 186 2672 quia
213 2589 332 2653 dicunt
358 2590 447 2673 quod
473 2589 653 2673 pradictus
681 2590 850 2654 Robertus
877 2591 913 2652 et
939 2593 1168 2654 antecessores
1202 2591 1256 2656 sui

105 2698 236 2760 semper
247 2683 494 2742 consueverunt
505 2676 628 2740 habere
638 2697 851 2740 communam
861 2676 896 2738 in
907 2676 1007 2739 terris
1018 2676 1256 2760 praedictorum

106 2764 264 2847 Magistri
281 2769 316 2827 et
331 2763 475 2828 aliorum
497 2762 534 2826 in
556 2762 714 2841 Kinton',
738 2768 773 2829 et
796 2763 885 2847 quod
908 2762 999 2826 idem
1015 2763 1186 2828 Robertus
1202 2769 1255 2830 est

104 2850 184 2914 iude
201 2851 298 2914 modo
313 2851 348 2913 in
365 2850 509 2936 seysina,
522 2854 558 2914 et
570 2851 659 2933 quod
668 2850 758 2914 idem
771 2851 937 2934 Magister
949 2854 985 2913 et
996 2850 1255 2933 praedecessores

106 2939 159 3001 sui
175 2944 209 3001 et
225 2937 382 3001 similiter
399 2936 570 3001 Walterus
593 2942 629 3002 et
651 2937 721 3017 alii,
746 2947 781 3001 et
796 2942 1027 3001 antecessores
1043 2937 1108 3015 sui,
1124 2959 1255 3026 semper

106 3027 351 3089 consueverunt
367 3024 490 3088 habere
505 3045 718 3089 communam
735 3027 770 3086 in
786 3029 877 3087 terra
892 3023 1043 3108 praedicti
1060 3024 1202 3089 Roberti
1218 3025 1254 3089 in

108 3112 194 3175 Suth
207 3110 402 3190 Goseforth,
419 3111 509 3176 uude
525 3111 646 3176 dicunt
662 3113 750 3193 quod
766 3132 806 3174 eo
821 3111 908 3194 jure,
925 3110 1012 3193 quod
1031 3131 1163 3195 semper
1178 3134 1254 3177 con-

106 3205 287 3264 sueverunt
304 3201 422 3262 mutuo
437 3218 652 3263 commuuare
667 3197 704 3260 in
719 3199 820 3261 terris
843 3197 999 3276 aliorum,
1022 3198 1167 3283 exigunt
1189 3199 1255 3285 ipsi

106 3307 317 3350 communem
334 3288 367 3347 in
385 3292 477 3350 terra
491 3284 599 3368 ipsius
614 3284 766 3349 Roberti.

171 3373 216 3436 Et
232 3372 400 3437 Robertus
416 3370 501 3436 dicit
517 3371 605 3453 quod
621 3370 803 3454 praedictus
820 3370 988 3454 Magister
1003 3375 1039 3435 et
1054 3370 1113 3435 alii
1128 3372 1256 3458 injuste

106 3459 248 3542 exigunt
264 3480 476 3523 communam
500 3457 536 3520 in
559 3462 651 3521 terra
673 3458 780 3542 ipsius
801 3457 954 3536 Roberti,
972 3457 1051 3541 quia
1066 3458 1151 3523 dicit
1167 3461 1256 3543 quod

106 3546 242 3629 quidam
259 3546 438 3623 Robertus,
455 3549 649 3609 antecessor
664 3566 756 3622 suus,
772 3544 842 3608 fuit
858 3545 1003 3630 seysitus
1025 3545 1061 3608 in
1084 3546 1255 3613 dominico

107 3655 167 3698 suo
179 3637 217 3695 ut
226 3634 267 3696 de
276 3633 377 3696 feodo
393 3637 428 3696 et
442 3632 528 3715 jure,
543 3632 688 3696 habendi
700 3635 810 3696 terras
823 3652 901 3695 suas
916 3631 951 3694 iu
970 3631 1057 3695 Suth
1071 3633 1256 3698 Goseforth

107 3721 143 3783 in
168 3741 229 3784 suo
253 3719 408 3803 separali,
441 3719 566 3801 absque
598 3718 662 3782 hoc
693 3719 783 3802 quod
816 3719 1076 3803 praedecessores
1102 3721 1256 3805 pradicti

107 3806 267 3890 Magistri
283 3806 402 3881 etalii,
420 3805 471 3868 vel
489 3810 718 3869 antecessores
734 3805 885 3890 praedicti
895 3804 1041 3869 Walteri
1054 3809 1088 3870 et
1100 3807 1255 3889 aliorum,

107 3894 255 3977 aliquam
281 3914 492 3957 communanr
524 3893 557 3954 iu
590 3893 718 3956 eisdem
748 3892 942 3957 habuerunt
970 3897 1121 3977 tempore
1151 3894 1256 3979 Regis

107 3980 254 4057 aicardi,
271 3979 428 4043 avunculi
444 3979 572 4042 domini
588 3980 692 4064 Regis
708 4001 810 4056 nunc,
835 3978 999 4062 capiendo
1014 3979 1092 4043 inde
1108 3981 1256 4067 expletia

108 4069 150 4133 ad
163 4066 355 4144 valentiam,
371 4077 435 4132 etc.
482 4067 527 4128 Et
542 4068 583 4129 de
599 4066 673 4150 ipso
688 4067 839 4131 Roberto
854 4066 1030 4129 descendit
1041 4066 1097 4150 jus
1109 4068 1256 4134 habendi

106 4155 283 4240 praedictas
310 4156 419 4218 terras
443 4153 479 4215 in
507 4172 568 4215 suo
595 4153 739 4235 separali
766 4153 900 4217 cuidam
927 4151 1059 4231 Otuelo,
1077 4160 1115 4215 ut
1130 4154 1200 4218 filio
1221 4162 1257 4222 et

107 4241 231 4321 heredi,
248 4243 283 4304 et
299 4241 340 4304 de
356 4242 429 4325 ipso
453 4237 587 4316 Otuelo,
612 4239 746 4303 cuidam
768 4240 922 4322 Hugoni,
939 4246 979 4303 ut
993 4239 1065 4303 filio
1079 4244 1114 4303 et
1130 4240 1256 4326 heredi,

536 4410 545 4447 ¹
563 4411 647 4466 annu
659 4411 687 4465 a
698 4412 815 4478 oriam.
