2956 4988
255 466 370 511 16666
393 467 490 526 noun,
513 466 849 526 nonsummum),
873 447 915 510 40
939 466 1020 512 616.
1043 465 1099 511 111.
1233 442 1250 508 7

106 639 174 683 non
198 619 328 688 habent
348 621 548 706 ingressum,
563 619 631 686 nisi
645 641 706 706 per
721 619 909 687 Walterum
924 621 965 685 (16
981 617 1180 703 Falderleg’,
1197 615 1253 682 cui

107 705 247 787 Alanus,
278 707 369 773 filius
399 708 574 794 Wydonis,
606 709 778 793 quondam
803 707 854 773 vir
883 706 991 793 ipsius
1025 705 1162 786 Sibillae,
1192 703 1252 769 illa

107 792 237 859 dimisit
248 815 324 860 cum
339 794 412 880 ipse
427 795 464 859 in
479 796 549 860 vita
564 816 636 876 sua,
653 799 717 861 etc.

172 881 219 946 Et
248 882 342 947 Elias
367 884 402 949 et
427 882 487 947 alii
512 882 654 950 veniunt
680 885 716 946 et
740 882 827 948 bene
853 881 1044 946 defendunt
1070 879 1159 965 quod
1182 899 1253 943 non

107 967 300 1033 habuerunt
321 968 514 1054 ingressum
528 969 566 1033 in
580 970 741 1054 predicta
759 970 989 1054 messuagium
1003 973 1037 1036 et
1052 971 1178 1034 terram
1192 986 1253 1051 per

105 1055 304 1139 pradictum
318 1054 522 1135 walterum,
538 1055 642 1122 immo
664 1078 724 1141 per
746 1057 924 1141 quemdam
946 1057 1120 1141 Rogerum
1142 1052 1251 1118 filium

107 1141 253 1207 Walteri
276 1142 335 1227 qui
355 1147 553 1210 tenementa
566 1143 626 1207 illa
641 1142 783 1209 dimisit.
827 1143 874 1207 Et
895 1143 1061 1208 Ricardus
1077 1145 1112 1209 et
1133 1139 1253 1205 Sibilla

106 1228 169 1293 hoc
185 1229 276 1296 idem
292 1235 510 1316 cognoscunt.
555 1229 638 1295 Ideo
654 1230 901 1295 consideratum
919 1233 972 1295 est
993 1230 1082 1315 quod
1098 1226 1252 1314 praedioti

105 1314 198 1467 {tallias
214 1320 262 1468 elta
264 1316 324 1381 alii
347 1317 426 1382 inde
443 1317 515 1385 sine
531 1318 597 1397 die,
613 1321 648 1383 et
663 1316 830 1383 Ricardus
846 1321 881 1381 et
898 1316 1017 1382 Sibilla
1040 1316 1076 1379 in
1099 1317 1174 1381 mis'
1190 1334 1251 1399 ρτο

156 1424 228 1468 666
263 1424 364 1470 more.

168 1524 288 1589 Assisa
302 1524 397 1591 venit
412 1544 488 1590 reco
537 1524 629 1589 itura
644 1525 674 1589 si
688 1524 836 1590 Isabella
852 1526 893 1590 de
903 1524 1152 1610 Moschanmp’,
1166 1544 1252 1588 uxor

106 1609 268 1676 Richardi
291 1613 332 1679 de
355 1612 489 1696 Moryn,
530 1611 662 1698 injuste
684 1611 872 1678 disseisivit
893 1613 1042 1677 Alanum
1072 1613 1114 1677 de
1143 1610 1252 1676 Hare-

107 1700 231 1764 carres⁹
246 1703 282 1765 et
296 1700 467 1785 Agnetem
482 1720 620 1764 uxorem
638 1702 711 1784 ejus
738 1700 779 1765 de
804 1720 984 1764 communa
1005 1703 1155 1785 pastura
1182 1719 1251 1763 suae

106 1785 139 1848 in
157 1785 295 1887 Lowytn
320 1808 394 1871 quse
417 1786 568 1871 pertinet
591 1788 635 1851 ad
660 1786 805 1853 liberum
831 1790 1065 1852 tenementum
1089 1807 1188 1851 suum
1214 1785 1252 1847 in

107 1872 223 1937 eadem
238 1872 329 1954 mlta,
345 1877 424 1958 post
438 1873 595 1958 primam,
612 1878 647 1938 et
662 1875 752 1939 unde
779 1875 932 1958 queritur
956 1875 1044 1959 quod
1068 1871 1252 1938 disseisivit

106 1980 161 2024 eos
177 1961 219 2025 (16
235 1981 416 2025 communa
432 1961 545 2025 suain
569 1961 715 2045 quodam
729 1961 830 2027 16666
857 1961 916 2046 qui
939 1960 1095 2028 continet
1119 1959 1254 2026 circiter

107 2046 270 2113 ducentas
299 2069 407 2128 acras,
445 2047 481 2110 in
511 2068 577 2132 quo
608 2069 823 2114 communare
853 2048 1008 2115 solebant
1044 2069 1104 2132 per
1140 2052 1253 2114 totum

105 2154 233 2198 annum
249 2155 325 2199 cum
341 2134 497 2200 omnibns
517 2135 639 2201 averiis
666 2134 748 2215 suis,
764 2138 828 2200 etc.
873 2136 920 2200 Et
935 2135 1083 2201 Isabella
1096 2135 1192 2200 venit
1217 2139 1253 2199 et

106 2221 212 2286 nichil
227 2221 312 2287 dicit
336 2242 439 2306 quare
463 2223 570 2288 assisa
593 2227 779 2303 remaneat,
795 2222 864 2287 nisi
890 2225 1027 2288 tantum
1052 2221 1141 2307 quod
1167 2220 1253 2287 dicit

107 2309 195 2393 quod
224 2330 294 2374 non
323 2308 508 2374 disseivisit
536 2331 592 2376 eos
623 2311 665 2375 de
694 2309 856 2395 praedicta
879 2330 1068 2388 communa,
1096 2330 1136 2374 eo
1163 2307 1252 2393 qnod

106 2396 180 2480 ipsa
194 2399 292 2461 tenet
306 2395 445 2461 boscum
460 2396 556 2461 illum
571 2397 608 2460 in
623 2397 740 2462 eodem
768 2399 863 2462 statu
877 2397 913 2461 in
930 2419 995 2482 quo
1017 2397 1187 2463 Robertus
1212 2396 1253 2462 (16

107 2483 343 2568 Μ66616616ρ’
369 2484 539 2567 quondam
564 2483 616 2548 vir
645 2485 716 2569 ejus
746 2505 823 2549 eum
852 2485 968 2549 tenuit
992 2484 1046 2549 die
1070 2504 1136 2568 quo
1161 2482 1252 2548 idem

106 2569 274 2635 Robertus
290 2569 386 2636 obiit.
431 2571 478 2634 Et
493 2572 534 2636 de
549 2571 614 2636 hoo
627 2571 727 2656 ponit
742 2591 778 2636 66
793 2592 894 2657 super
908 2572 1062 2651 assisam,
1078 2577 1143 2636 etc.

168 2657 192 2722 J
193 2662 347 2724 aratores
361 2657 481 2724 dicunt
497 2658 585 2742 quod
601 2678 717 2724 revera
737 2658 908 2724 Itobertus
935 2659 976 2725 de
1002 2657 1251 2742 Muschaump’,

109 2745 277 2829 quondam
291 2743 344 2810 vir
358 2743 465 2845 ipsius
488 2744 654 2826 Isabellae,
670 2767 852 2830 perunum
867 2767 996 2810 annum
1011 2749 1092 2811 ante
1107 2749 1252 2811 mortem

107 2830 213 2917 ipsius
243 2832 385 2898 Robert1
414 2831 599 2898 disseisivit
627 2832 719 2917 ipsos
755 2832 904 2897 11166661
934 2839 969 2899 61
1004 2834 1175 2919 Agnetem
1212 2832 1253 2898 de

129 2919 474 3000 raedictaoommma,
495 2920 547 2984 116
570 2921 660 3004 quod
685 2918 763 3005 ipsi,
785 2941 875 2985 anno
901 2941 964 2985 neo
990 2921 1045 2985 die
1070 2940 1136 3004 quo
1162 2918 1253 2983 idem

157 3007 276 3072 bertus
291 3006 388 3086 obiit,
413 3005 543 3071 nullam
568 3027 785 3075 communem
810 3007 1005 3072 habuerunt
1029 3007 1066 3071 in
1092 3005 1253 3090 praedicto

107 3093 217 3159 bosco.
263 3093 310 3157 Et
323 3096 404 3178 post
418 3097 560 3159 mortem
577 3093 685 3178 ipsius
705 3094 848 3160 Roberti
873 3098 1040 3160 venerunt
1065 3096 1253 3160 escaetores

109 3179 238 3245 domini
266 3179 371 3265 Regis
403 3184 440 3246 61
471 3179 691 3246 seissivemmt
717 3180 906 3248 manerium
931 3181 1017 3247 illud
1046 3180 1084 3244 16
1113 3202 1253 3245 manum

109 3266 237 3332 domini
264 3267 381 3353 Regis,
412 3271 447 3335 et
476 3269 557 3332 dum
585 3268 676 3333 idem
716 3268 906 3334 manerium
935 3269 1006 3333 fnit
1043 3267 1080 3331 in
1114 3289 1254 3333 manum

108 3353 238 3419 domini
277 3354 381 3440 Regis
419 3354 647 3439 permiserunt
686 3361 875 3421 eseaetores
915 3357 1009 3441 ipsos
1037 3354 1188 3419 Alanum
1218 3358 1255 3418 et

107 3440 278 3526 Agnetem
300 3441 424 3506 habere
451 3463 665 3508 communam
699 3442 737 3506 in
759 3443 898 3508 boscum
922 3443 1031 3522 illum,
1047 3442 1107 3507 sed
1133 3441 1252 3507 statim

167 3533 288 3614 tquam
301 3527 491 3593 manerium
505 3529 591 3594 illud
606 3529 820 3615 assignatum
834 3531 906 3594 fuit
923 3530 1031 3597 eidem
1046 3527 1201 3594 Isabellae
1215 3528 1253 3591 in

129 3619 186 3682 ote
200 3638 261 3701 per
275 3616 451 3681 dominum
464 3617 605 3703 Regem,
621 3616 696 3701 ipsa
705 3618 820 3683 tenuit
835 3617 921 3682 illud
935 3622 970 3683 et
984 3616 1100 3682 tenuit
1113 3615 1254 3681 boscum

106 3702 204 3768 illum
217 3703 256 3767 in
272 3704 389 3768 eodem
404 3707 500 3769 statu
514 3703 551 3767 in
567 3725 632 3788 quo
651 3704 822 3771 Itobertus
836 3705 889 3769 vir
914 3726 995 3769 suus
1019 3702 1118 3768 illum
1140 3702 1255 3768 tenuit

107 3789 161 3855 die
189 3811 254 3875 quo
284 3791 380 3855 obiit.
436 3791 482 3855 Et
507 3791 583 3858 ideo
608 3792 861 3857 consideratum
890 3795 943 3856 est
975 3793 1065 3876 quod
1090 3790 1253 3876 praedicta

106 3876 254 3943 Isabella
278 3878 358 3943 inde
388 3877 462 3943 sine
491 3878 557 3959 die,
593 3884 628 3945 et
656 3878 788 3945 1116666
819 3883 854 3946 61
883 3880 999 3965 Agnes
1029 3878 1067 3942 in
1090 3877 1166 3943 mis’
1189 3898 1250 3963 pro

106 3964 196 4116 tallso
233 3963 387 4030 clamore.
444 3966 490 4029 Et
526 3965 726 4051 perquirant
762 3965 828 4032 sibi
864 3988 926 4051 per
961 3965 1056 4031 aliud
1091 3965 1192 4030 breve
1222 3964 1252 4030 si

108 4072 149 4118 vo
162 4050 289 4118 uerint.

172 4173 342 4238 Robertus
371 4172 404 4238 le
433 4173 545 4258 Lung,
575 4174 634 4259 qui
663 4173 746 4238 tulit
774 4174 916 4240 assisam
946 4194 1039 4240 novae
1068 4171 1254 4240 dissaisinae

106 4281 223 4327 versus
238 4260 410 4347 Rogemm
425 4262 583 4328 Bertram
606 4267 642 4328 et
665 4261 748 4328 alios
772 4262 811 4326 in
833 4262 926 4328 brevi
942 4262 983 4327 (16
1003 4264 1200 4327 tenemento
1216 4261 1253 4325 in

142 4398 150 4432 ¹
169 4402 215 4454 866
225 4418 251 4467 ρ.
262 4406 286 4453 4.
706 4399 796 4452 611161
808 4400 905 4463 Patrio,
916 4399 1017 4454 1161161
1032 4399 1141 4453 Dnnbar
1155 4397 1253 4463 (Bsin's

141 4465 152 4498 ²
168 4468 238 4520 nnn
248 4468 280 4520 (16
291 4467 418 4530 Battara,
430 4471 551 4521 executor
568 4469 595 4520 61
611 4470 657 4522 116
711 4468 902 4531 061.,1.1969).
