2956 4988
331 478 446 523 assmn
464 480 561 540 noun,
585 479 922 539 noarnuuananlun,
948 457 965 523 7
989 478 1077 524 nnw,
1099 478 1125 523 1.
1245 454 1307 520 279

155 637 189 696 et
204 631 369 698 Thomam
384 633 425 698 de
440 633 567 718 placito
583 655 685 718 quare
695 632 761 720 ipsi
776 631 955 698 simulcum
965 631 1126 718 predicto
1141 630 1302 708 HemicO,

153 739 230 783 cum
254 719 344 784 idem
366 720 464 786 Prior
483 721 635 805 quadam
656 721 767 787 averia
787 722 823 785 in
846 719 990 805 separali
1010 721 1150 805 pastura
1173 739 1236 783 sua
1260 717 1302 783 de

155 806 332 871 Aldeston’
350 808 504 893 cepisset,
521 811 556 872 et
574 829 624 888 ea,
642 808 826 874 secundum
849 807 959 893 legem
974 809 1011 872 et
1026 805 1303 871 consuetudinem

155 893 253 978 regni
276 893 392 980 Regis,
419 895 587 979 inparcari
607 895 756 974 fecisset,
781 894 884 959 iidem
904 894 1073 959 Robertus
1098 895 1134 958 et
1156 892 1304 958 Thomas

157 980 336 1045 simulcum
372 982 533 1066 praedicto
570 981 720 1047 Henrico
751 1003 900 1067 parcum,
930 981 968 1045 in
999 1002 1064 1065 quo
1101 979 1214 1046 averia
1243 978 1305 1044 illa

155 1066 333 1152 inparcata
361 1068 514 1149 fuerunt,
544 1069 723 1154 fregerunt
748 1074 782 1135 et
805 1068 920 1134 averia
943 1067 1003 1132 illa
1024 1067 1247 1146 abduxerunt,
1269 1068 1306 1131 et

154 1154 308 1220 homines
320 1154 558 1239 ipsiusPrioris
570 1156 695 1222 ibidem
706 1156 861 1222 inventos
872 1153 1303 1236 verberaveruntvulnera

156 1245 289 1322 verunt,
316 1246 352 1306 et
377 1242 685 1328 inprisonaverunt‚
717 1248 752 1308 et
782 1243 850 1307 alia
876 1241 1027 1308 enormia
1050 1241 1160 1308 eidem
1194 1239 1305 1305 Priori

155 1327 281 1394 ibidem
306 1328 507 1410 intulerunt,
537 1331 581 1395 ad
611 1331 795 1415 dampnum
820 1329 927 1415 ipsius
952 1329 1079 1394 Prioris
1105 1327 1227 1413 viginti
1254 1327 1303 1407 li',

155 1419 191 1480 et
207 1421 324 1481 contra
339 1437 466 1501 pacem,
483 1422 546 1484 etc.
591 1418 638 1481 Et
652 1418 718 1502 ipsi
732 1439 803 1482 non
823 1418 999 1483 venerunt.
1037 1417 1084 1480 Et
1098 1418 1303 1501 praeceptum

155 1502 226 1566 fuit
245 1503 435 1568 vicecomiti
455 1505 545 1588 quod
560 1504 784 1591 distringeret
802 1525 858 1571 ecs
873 1525 933 1589 per
956 1523 1072 1569 omnes
1087 1509 1209 1582 terras,
1225 1506 1302 1580 etc,

154 1593 190 1654 ct
217 1591 306 1673 quod
329 1591 371 1656 de
395 1591 552 1671 exitibus,
575 1595 653 1671 etc„
680 1596 715 1656 et
745 1592 835 1675 quod
857 1591 999 1657 haberet
1024 1609 1163 1674 corpora
1187 1609 1303 1655 eorum

156 1676 211 1741 hic
225 1677 270 1740 ad
285 1678 377 1742 hunc
398 1677 497 1743 diem.
544 1679 590 1742 nt
612 1679 796 1745 vicecomes
817 1678 924 1742 nichil
939 1678 1019 1743 inde
1033 1677 1118 1743 fecit
1139 1679 1192 1742 set
1208 1698 1301 1740 man-

154 1763 248 1828 davit
272 1765 362 1847 quod
387 1765 540 1849 praedicti
564 1765 733 1831 Robertus
757 1770 792 1830 et
812 1766 959 1830 Thomas
974 1786 1043 1829 non
1059 1769 1140 1829 sunt
1160 1763 1302 1842 inventi,

155 1853 219 1915 etc.
273 1852 354 1917 Ideo
383 1857 589 1937 praeceptum
618 1856 671 1918 est
695 1852 885 1918 vicecomiti
915 1852 1003 1936 quod
1033 1851 1147 1935 capiat
1176 1871 1244 1930 eos,
1272 1849 1303 1914 si

154 1937 296 2016 inventi,
312 1942 389 2018 eta,
405 1943 440 2004 et
454 1940 556 2019 salvo,
573 1943 651 2018 etc,
676 1943 711 2004 et
727 1940 816 2024 quod
831 1939 957 2004 habeat
972 1959 1112 2023 corpora
1127 1957 1243 2002 eorum
1258 1937 1302 2002 ad

153 2024 334 2109 praefatum
345 2026 542 2106 terminum,
559 2029 624 2091 etc.
672 2027 718 2090 Et
733 2027 824 2092 unde
839 2027 1023 2092 vicecomes
1036 2025 1220 2105 mandavit,
1237 2029 1301 2090 etc.

218 2162 440 2247 Praeceptum¹
463 2163 533 2227 fuit
556 2163 747 2230 vicecomiti
777 2164 866 2248 quod
893 2163 1007 2230 venire
1032 2163 1163 2228 faceret
1188 2182 1303 2248 recog-

154 2249 281 2314 nitores
297 2249 411 2315 assisae
425 2271 519 2315 novae
534 2250 730 2329 disseisinae,
756 2272 828 2335 quae
844 2251 1050 2315 summonita
1065 2249 1135 2313 fuit
1150 2254 1187 2314 et
1202 2252 1303 2334 capta

154 2357 267 2401 coram
278 2336 478 2420 justiciariis
494 2337 623 2401 domini
642 2337 780 2404 Henrici
795 2337 911 2423 Regis,
927 2337 1036 2422 patris
1051 2335 1181 2402 domini
1196 2337 1302 2422 Regis

153 2445 256 2502 nunc,
272 2424 394 2489 ultimo
409 2423 661 2509 itynerantibus
677 2425 712 2488 in
734 2425 901 2491 comitatu
915 2425 994 2504 isto,
1011 2424 1101 2488 inter
1115 2423 1303 2488 Robertum

154 2510 194 2575 de
224 2510 398 2576 Doxeford
428 2516 464 2576 et
493 2511 713 2596 Radulphum
743 2512 849 2576 filium
881 2512 1018 2595 Rogeri,
1050 2512 1092 2575 de
1123 2531 1303 2575 communa

153 2601 300 2681 pasturae
331 2598 368 2661 in
392 2598 505 2662 North
532 2598 727 2664 Charletou'
754 2600 798 2663 ad
822 2598 1077 2665 certificandum
1101 2596 1302 2682 justiciariis

154 2683 221 2765 hic,
237 2688 300 2750 etc.
347 2685 393 2748 Et
415 2685 506 2749 unde
528 2685 708 2770 pradictus
732 2686 901 2751 Robertus
922 2685 1111 2768 dicitquod
1127 2705 1203 2749 cum
1218 2684 1301 2768 ipsc,

154 2770 238 2835 alias
254 2791 366 2836 coram
381 2771 533 2856 praefatis
557 2772 769 2858 justiciariis,
791 2776 931 2857 questus
956 2771 1082 2837 fuisset
1108 2771 1197 2856 quod
1220 2793 1302 2857 prae·

153 2857 265 2923 dietus
288 2859 456 2925 Robertus
482 2859 618 2943 injuste,
646 2867 723 2939 etc„
746 2859 930 2925 disseisivit
956 2880 1032 2925 eum
1058 2859 1099 2924 de
1123 2878 1303 2924 communa

153 2950 300 3029 pasturae
316 2946 352 3008 in
367 2946 547 3031 quinquies
562 2946 687 3031 viginti
704 2947 790 3012 acris
806 2950 953 3031 pastura
964 2951 1000 3011 et
1013 2966 1113 3011 morae
1128 2944 1164 3007 in
1180 2945 1302 3029 quibus

154 3053 369 3097 communare
381 3033 510 3097 solebat
525 3055 601 3099 cum
615 3034 815 3099 omnimodis
827 3033 947 3098 averiis
960 3054 1021 3117 per
1034 3036 1146 3097 totum
1161 3053 1301 3112 annum,

154 3139 192 3183 ac
207 3119 297 3183 idern
312 3118 512 3204 Radulphus
529 3142 641 3187 eoram
662 3121 711 3186 eis
727 3121 909 3204 allegasset
929 3120 1018 3203 quod
1034 3120 1106 3205 ipse
1122 3119 1301 3203 appruavit

154 3204 217 3270 sibi
234 3206 269 3269 in
284 3206 454 3292 praedictis
469 3207 649 3292 quinquies
673 3208 798 3293 viginti
821 3207 919 3286 acris,
945 3207 1034 3272 sicut
1057 3207 1089 3271 ei
1103 3207 1188 3271 bene
1203 3205 1301 3271 licuit

153 3313 214 3376 per
238 3293 463 3377 provisionem
494 3295 535 3359 de
565 3296 733 3375 Mertone‚
765 3316 804 3360 eo
835 3295 924 3378 quod
960 3293 1032 3378 ipse
1062 3297 1114 3360 est
1144 3292 1301 3378 capitalis

154 3379 308 3444 dominus
324 3379 428 3444 feodi.
466 3381 512 3445 Et
528 3382 617 3448 unde
632 3382 716 3446 dicit
732 3382 822 3465 quod
836 3382 1006 3466 juratores
1021 3380 1173 3465 praefatae
1187 3379 1302 3444 assisae

141 3465 264 3547 ,minus
281 3467 485 3533 sufficienter
500 3467 684 3533 examinati
694 3469 835 3536 fuerunt
846 3468 883 3531 in
892 3469 966 3547 hoc,
976 3468 1065 3553 quod
1074 3489 1143 3532 non
1158 3467 1300 3531 fuerunt

152 3553 339 3618 examinati
366 3554 394 3617 si
419 3553 509 3618 idem
532 3555 701 3621 Robertus
726 3555 868 3620 haberet
893 3555 1037 3620 liberum
1052 3555 1243 3639 ingressum
1265 3559 1301 3618 et

153 3640 279 3705 exitum
292 3641 335 3705 ad
346 3644 521 3727 pasturam
538 3662 644 3723 suam,
661 3646 723 3708 etc.

216 3728 263 3791 Et
272 3727 474 3813 Radulphus
483 3728 577 3792 venit
586 3735 622 3794 et
633 3728 717 3794 dicit
732 3730 822 3813 quod
834 3727 1033 3796 certificatio
1048 3728 1127 3793 inde
1143 3727 1217 3792 fieri
1231 3747 1300 3792 non

152 3814 263 3894 debet,
281 3815 361 3899 quia
375 3814 460 3879 dicit
482 3815 570 3899 quod
588 3816 759 3900 pradicta'
775 3818 882 3881 assisa
908 3814 1103 3880 examinata
1128 3814 1199 3879 fuit
1222 3835 1300 3880 cum

150 3901 266 3968 liberis
288 3901 444 3986 ingressu
466 3907 501 3967 et
524 3923 671 4003 egressu.
718 3903 785 3984 Qui
805 3903 940 3987 quidem
955 3904 1124 3987 juratores
1142 3901 1302 3966 dixerunt

152 3989 241 4072 quod
255 3989 397 4054 haberet
411 3988 533 4054 liberos
548 4011 737 4075 ingressum
751 3994 786 4054 et
802 4011 973 4076 egressum
982 3989 1027 4053 ad
1037 3992 1224 4075 pasturam,
1234 3995 1299 4053 etc.

152 4076 197 4138 Et
213 4075 293 4159 quia
308 4076 372 4141 hoc
387 4075 477 4140 idem
492 4077 680 4142 convictum
695 4081 749 4143 cst
763 4098 824 4162 per
838 4077 967 4142 rotulos
986 4076 1140 4161 ejusdem
1156 4075 1301 4154 itineris,

152 4163 401 4227 consideratum
416 4167 469 4229 est
485 4164 574 4248 quod
589 4164 769 4248 praedictus
785 4164 986 4249 Radulphus
1001 4163 1079 4230 inde
1095 4163 1168 4227 sine
1184 4163 1249 4241 die,
1266 4165 1302 4226 et

150 4249 320 4314 Robertus
344 4250 450 4315 nichil
472 4251 585 4336 capiat
607 4273 667 4336 per
691 4252 971 4318 certificationem
997 4251 1110 4331 istam,
1136 4254 1189 4315 set
1204 4249 1250 4314 sit
1265 4249 1301 4312 in

152 4336 227 4401 mis'
243 4356 304 4421 pro
319 4337 408 4402 falso
423 4336 579 4421 clamore,
595 4342 661 4405 etc.

243 4509 250 4542 ¹
270 4510 341 4564 Here
351 4526 394 4564 are
405 4510 546 4564 contmued
556 4512 602 4566 the
614 4512 687 4567 Pleu
696 4513 738 4566 lor
748 4513 794 4566 the
805 4512 910 4580 Oounty
921 4512 949 4565 ol
959 4511 1207 4566 Nerthumberland.
