2956 4988
239 470 357 516 sssrar
380 471 479 531 nonu,
503 469 840 528 nosrnunsnnnsrn,
864 450 907 513 40
931 470 1013 514 nur.
1037 470 1091 514 111.
1204 450 1245 512 27

89 626 238 710 quinque
253 646 350 690 noras
364 629 464 689 terrae
479 645 556 689 oum
571 622 789 708 pertiuentiis
808 623 844 685 in
867 622 1035 703 Sootton’‚
1058 624 1100 687 de
1123 622 1245 705 quibus

91 712 218 792 Isolda‚
234 713 305 776 lilia
320 711 486 775 Willelmi
503 711 685 795 Godewyu‚
702 709 957 794 consanguinea
979 710 1134 794 praedioti
1155 710 1246 773 Rad-

92 799 197 885 ulphi,
214 801 291 879 ete,
308 798 378 861 fuit
394 798 513 863 seisita
527 798 563 860 in
580 798 750 861 dominico
766 817 838 876 sno,
855 800 931 876 eto,
949 797 1004 862 die
1019 818 1097 881 quo,
1115 801 1179 863 eto.

151 887 198 949 Et
221 887 376 970 Rogems
398 885 492 948 venit
514 888 550 949 et
572 884 657 948 dicit
676 885 766 968 quod
781 905 849 947 uon
864 887 981 967 potest
996 883 1029 947 ei
1043 884 1246 967 respondere

93 974 166 1038 sine
192 973 338 1057 quadam
353 976 499 1057 Agnete‚
512 992 616 1036 uxore
641 992 713 1049 sua,
731 992 804 1054 quae
820 970 952 1034 feofata
968 971 1038 1035 fuit
1053 971 1154 1035 simul
1170 992 1247 1034 oum
1269 968 1272 976 '

92 1081 132 1124 eo
157 1061 199 1124 de
222 1059 386 1143 praediota
410 1062 501 1122 terra
525 1063 560 1124 et
585 1079 656 1141 quae
680 1079 749 1121 non
774 1056 971 1121 nominatur
992 1056 1029 1121 in
1051 1058 1154 1122 brevi.
1200 1059 1247 1120 Et

94 1145 294 1230 Redulphus
310 1166 379 1209 non
394 1148 509 1229 potest
524 1146 589 1209 hoo
604 1145 768 1209 dedicere.
811 1143 893 1207 Ideo
907 1145 1062 1229 Rogerus
1077 1145 1156 1210 inde
1173 1144 1247 1209 sine

94 1233 158 1313 die,
182 1239 219 1297 et
240 1232 442 1315 Radulphus
465 1232 503 1295 in
527 1231 602 1295 mis'
624 1252 686 1315 pro
705 1230 794 1295 falso
811 1230 965 1296 clamore.
1011 1232 1057 1295 Et
1072 1229 1247 1316 perquirat

94 1319 159 1384 sibi
172 1339 234 1404 per
250 1318 343 1384 uliud
358 1319 457 1386 breve
473 1318 503 1383 si
518 1317 674 1397 voluerit,
690 1322 753 1382 ete.

157 1447 334 1513 Walterns
357 1446 446 1511 filius
468 1446 596 1532 Rogeri
619 1447 660 1510 de
677 1444 853 1530 Slaveleya
876 1446 1103 1511 summonitus
1118 1446 1189 1511 fuit
1204 1447 1248 1511 ad

94 1535 365 1619 respondendum
381 1534 518 1598 Thomae
533 1533 604 1598 filio
620 1533 780 1597 Manselli
796 1534 838 1616 de
853 1533 981 1617 placito
996 1535 1086 1617 quod
1097 1533 1205 1598 faeiat
1216 1533 1248 1597 ei

95 1629 221 1686 sectam
246 1622 290 1685 ad
314 1621 545 1686 molendinum
570 1620 730 1684 suumin
756 1620 939 1706 Slaveleyul
964 1642 1065 1704 quam
1088 1621 1132 1684 ad
1154 1620 1248 1685 illam

94 1709 206 1774 faeere
222 1708 333 1787 debet,
349 1711 413 1774 ete.
458 1708 505 1770 Et
520 1707 611 1771 uude
626 1706 717 1771 idem
732 1706 879 1771 Thomas
896 1707 1050 1791 queritur
1065 1709 1156 1791 quod
1171 1729 1247 1772 oum

95 1794 232 1878 quidam
247 1795 419 1859 Robertus
434 1794 476 1858 de
491 1793 639 1878 Tlemeg'
655 1793 770 1858 tenuit
786 1794 827 1858 de
843 1815 882 1859 eo
899 1799 1028 1879 septem
1041 1815 1136 1859 acras
1149 1799 1248 1860 terrae

95 1888 129 1948 et
144 1882 322 1946 dimidiam
338 1902 414 1947 oum
429 1880 649 1965 pertinentiis
667 1880 704 1942 in
724 1880 887 1965 praediota
909 1881 988 1945 villa
1003 1902 1066 1966 pro
1088 1882 1199 1946 tribus
1222 1881 1248 1944 s'

94 1973 128 2034 et
142 1968 203 2052 viij
221 1969 255 2031 d’
270 1988 331 2052 per
352 1988 481 2032 annum
501 1971 537 2031 et
556 1988 617 2051 per
632 1972 759 2032 sectam
775 1968 968 2032 faciendam
989 1970 1033 2032 ad
1047 1968 1249 2052 praedictum

96 2055 340 2134 molendinum,
357 2053 499 2134 scilieet,
524 2055 568 2118 ad
585 2054 781 2117 molendum
801 2054 837 2116 in
862 2055 979 2118 eodem
995 2055 1189 2120 molendino
1205 2056 1249 2118 ad

95 2143 239 2241 tertium
255 2141 507 2242 deeimumOvas.
545 2141 604 2204 Ita
619 2141 708 2224 quod
720 2141 810 2241 idem
826 2141 974 2205 Thomas
985 2142 1056 2205 fuit
1072 2143 1107 2204 in
1124 2141 1250 2206 seisina

95 2229 354 2397 1111111111
355 2229 685 2398 Γ111111111111111
691 2228 880 2380 1111111
896 2229 1251 2380 111111111111111

96 2403 136 2466 de
152 2402 254 2466 feodo
269 2405 305 2465 et
319 2401 396 2486 jure
411 2404 564 2485 tempore
576 2400 682 2485 Regis
693 2423 796 2479 nuno,
809 2401 972 2485 capiendo
985 2402 1064 2469 inde
1079 2402 1193 2486 exples
1206 2402 1250 2466 ad

95 2488 292 2567 valentiam,
319 2492 381 2552 ete.
431 2487 618 2552 Praediotus
645 2488 821 2552 Walterus
849 2487 905 2572 qui
930 2493 1027 2553 tenet
1053 2490 1250 2574 praediotam

96 2578 222 2641 terram
237 2596 288 2640 ex
312 2573 508 2639 venditione
531 2575 686 2658 praedieti
701 2575 844 2639 Roberti
859 2575 899 2640 de
915 2575 1102 2660 Flemeng’,
1119 2596 1251 2660 semper

95 2666 275 2746 postquam
300 2661 421 2725 habuit
440 2661 638 2745 praediotam
658 2665 795 2741 terram,
817 2660 949 2726 dedixit
972 2663 1087 2728 faeere
1111 2664 1143 2727 ei
1167 2686 1251 2747 prae-

97 2749 224 2814 dietam
240 2752 379 2829 sectam,
391 2749 482 2812 unde
497 2747 583 2812 dicit
598 2748 689 2831 quod
705 2748 931 2813 deterioratus
947 2753 1000 2815 est
1015 2754 1050 2815 et
1066 2751 1251 2835 dampnum

97 2835 201 2899 habet
217 2835 260 2898 ad
275 2834 461 2898 valentiam
476 2856 522 2897 xx
535 2835 572 2913 s',
589 2840 653 2899 eto.

161 2922 208 2985 Et
223 2921 399 2986 Walterus
414 2921 509 2987 venit
524 2926 559 2986 et
573 2922 771 2986 concordati
792 2925 872 2986 sunt
893 2944 954 3006 per
976 2923 1160 2988 licentiam.
1206 2924 1253 2987 Et

98 3008 272 3074 Walterus
300 3008 359 3072 dat
386 3007 562 3071 dimidiam
588 3029 737 3072 marcam
763 3029 824 3092 pro
847 3008 988 3072 licentia
1012 3010 1251 3074 concordandi.

98 3095 144 3158 Et
157 3099 212 3159 est
227 3093 408 3159 eoncordia
421 3094 502 3158 talis
518 3094 606 3178 quod
621 3095 804 3179 praedictus
820 3095 994 3159 Walterus
1010 3097 1207 3182 recognovit
1218 3103 1254 3161 et

100 3180 266 3247 concessit
280 3202 342 3265 pro
359 3201 394 3245 se
410 3184 445 3244 et
459 3180 640 3245 heredibus
665 3182 736 3245 suis
751 3181 841 3265 quod
856 3181 923 3266 ipsi
938 3183 979 3248 de
996 3187 1108 3249 cetero
1123 3184 1255 3248 facient

100 3274 227 3334 sectam
241 3268 286 3331 ad
301 3267 501 3353 praedictum
515 3267 748 3331 molendinum
764 3270 807 3331 ad
822 3269 1017 3333 molendum
1030 3271 1145 3334 omnia
1153 3271 1255 3335 blada

101 3375 162 3419 sua
185 3355 228 3419 de
253 3356 369 3420 eodem
391 3358 484 3418 terra
505 3354 739 3438 provenientia
763 3356 807 3419 ad
829 3356 970 3419 tertium
993 3357 1161 3421 deeimum
1184 3379 1254 3422 vas.

102 3441 146 3506 Et
159 3461 222 3526 pro
236 3442 311 3520 hae,
328 3445 404 3520 ete,
420 3441 511 3504 idem
526 3441 674 3505 Thomas
689 3441 838 3506 remittit
854 3442 885 3506 ei
900 3443 1048 3528 dampna
1064 3465 1135 3524 sua,
1153 3448 1217 3509 etc.

165 3578 339 3642 Martinus
362 3576 452 3641 filius
475 3577 630 3641 Eustaoii
653 3581 689 3642 et
711 3579 821 3642 Adam
846 3579 935 3644 filius
955 3579 1115 3646 Hawisiae
1130 3585 1256 3666 petunt

102 3686 217 3730 versus
232 3663 445 3731 Willelmum
459 3663 568 3728 filium
584 3665 712 3749 Rogeri
727 3666 811 3730 duas
825 3671 941 3750 partes
956 3667 1058 3732 unius
1073 3668 1258 3752 messuagii

102 3772 178 3816 oum
199 3750 420 3836 pertiuentiis
443 3751 478 3813 in
499 3750 667 3816 Alnemue
683 3757 723 3815 ut
737 3752 795 3837 jus
811 3757 846 3816 et
861 3753 1100 3819 rationabilem
1122 3759 1256 3839 partem

102 3838 252 3922 ipsorum
272 3836 416 3902 Martini
433 3841 468 3903 et
482 3837 576 3917 Adae,
598 3858 670 3921 quae
693 3839 742 3904 eis
764 3841 980 3925 contingeret
1001 3843 1042 3905 de
1065 3842 1256 3908 hereditate

102 3946 174 4009 quae
189 3924 259 3989 luit
273 3924 450 4009 Wymark’
463 3922 539 3988 filiae
550 3925 733 4009 Radulphi‚
747 3928 1008 4011 consanguineae
1018 3928 1256 4013 praediotorum

102 4011 247 4076 Martini
270 4015 306 4075 et
333 4010 417 4075 Adae
442 4010 681 4110 oswinum,
706 4014 802 4113 eujus
828 4015 968 4079 heredes
993 4015 1059 4098 ipsi
1082 4019 1174 4095 sunt,
1198 4017 1256 4100 qui

101 4096 756 4250 111111’111111111111111
769 4103 831 4270 11
851 4102 1257 4254 lltbsslbnthnlf

102 4272 147 4337 Et
176 4275 230 4337 est
260 4270 439 4336 eoncordia
468 4270 549 4335 talis
580 4272 669 4355 quod
697 4273 852 4358 praedieti
881 4274 1054 4340 Martinus
1081 4281 1117 4340 et
1145 4277 1257 4340 Adam

484 4453 492 4486 ¹
510 4455 594 4522 Sluley
606 4454 635 4507 in
646 4457 752 4526 Shotley
764 4461 864 4513 Porish.
