2956 4988
263 469 380 514 assmn
402 468 500 528 nona,
525 466 861 527 noarnunnnnmnn,
884 446 927 511 53
950 466 1032 512 nau.
1056 466 1111 511 111.
1200 446 1264 510 158

116 623 312 708 pradictum
322 626 566 702 tenementum,
576 625 739 705 tanquam
753 620 840 686 filius
853 621 928 706 ejus
941 625 975 687 et
985 621 1093 687 heres.
1127 620 1173 685 Et
1184 619 1266 706 quia

104 711 295 795 praedictus
311 710 502 774 Willelmus
525 730 595 773 non
616 713 731 793 potest
752 709 817 800 hoc
832 708 996 788 dedicere,
1013 709 1265 774 consideratum

117 803 167 862 est
191 799 281 883 quod
305 799 484 882 pradictus
514 797 683 861 Robertus
714 796 792 862 inde
820 797 892 860 sine
923 797 988 876 die,
1016 800 1052 860 et
1074 796 1265 862 Willelmus

116 886 219 950 nichil
236 886 348 969 capiat
363 907 423 969 per
434 885 533 949 breve
542 884 646 965 istud,
663 887 715 947 set
730 883 776 947 sit
790 883 826 946 in
842 884 918 948 mis'
933 904 995 968 pro
1009 882 1099 947 falso
1111 884 1266 949 clamore.

179 1023 299 1087 Assisa
316 1023 410 1087 venit
437 1021 653 1106 recognitum
679 1021 708 1085 si
726 1022 880 1107 Rogerus
906 1022 947 1087 de
971 1021 1145 1107 Horseley,
1169 1024 1268 1106 pater

117 1110 254 1174 Ricardi
270 1110 330 1173 filii
345 1108 480 1194 Rogeri,
496 1108 566 1173 fuit
582 1109 719 1173 seisitus
740 1109 777 1172 in
793 1109 961 1174 dominico
977 1131 1038 1175 suo
1054 1113 1093 1173 ut
1108 1110 1150 1173 de
1166 1109 1267 1174 feodo

118 1199 158 1262 de
173 1219 243 1262 uuo
264 1198 449 1282 mesuagio,
466 1197 646 1280 sexaginta
660 1201 695 1260 et
711 1197 842 1261 duabus
866 1196 951 1261 acris
967 1201 1076 1276 terrae,
1093 1217 1169 1260 cum
1191 1218 1267 1281 per-

117 1284 286 1362 tinentiis,
298 1284 334 1347 in
346 1283 521 1368 Alnewyk,
533 1284 587 1347 die
598 1303 675 1367 quo,
686 1288 750 1348 etc.
790 1285 835 1346 Et
848 1283 888 1364 si,
899 1289 962 1349 etc.
1001 1284 1083 1364 Quae
1092 1284 1267 1348 Johannes

118 1371 208 1436 dela
224 1373 336 1436 Grene
357 1377 391 1435 et
408 1371 613 1450 Christiana,
630 1392 714 1434 uxor
731 1373 814 1455 ejus,
830 1374 961 1449 tenent,
986 1371 1044 1455 qui
1067 1371 1210 1435 veniunt
1233 1375 1268 1434 et

119 1458 226 1523 nichil
240 1459 360 1523 dicunt
376 1480 478 1543 qnare
495 1457 602 1521 assisa
618 1471 791 1522 remaneat
806 1457 873 1521 nisi
888 1462 1025 1522 tantum
1044 1459 1132 1542 quod
1148 1459 1268 1523 dicunt

118 1546 207 1630 quod
236 1545 415 1631 praedictus
446 1546 610 1629 Rogerus,
641 1546 682 1609 de
712 1546 811 1629 cujus
841 1550 961 1626 morte,
992 1550 1068 1622 ete,
1099 1568 1168 1611 non
1198 1544 1269 1608 fuit

120 1633 255 1697 seisitus
279 1635 319 1696 de
340 1633 509 1716 praedictis
530 1632 735 1696 tenementis
758 1637 796 1695 ut
816 1633 857 1696 de
878 1633 978 1698 feodo
1002 1633 1056 1698 die
1081 1655 1146 1716 quo
1174 1633 1268 1712 obiit,

119 1721 238 1784 dicunt
264 1721 356 1784 enim
380 1720 468 1803 quod
493 1719 583 1782 idem
597 1720 751 1804 Rogerus
769 1719 881 1783 tenuit
897 1721 1058 1804 praedicta
1073 1725 1269 1786 tenemento

119 1807 252 1872 ratione
278 1807 439 1871 custodia
465 1807 639 1889 cujusdam
671 1807 829 1885 Simonis,
857 1808 976 1871 fratris
1002 1807 1171 1892 praedictae
1187 1807 1270 1871 Ous-

121 1895 243 1959 tanciae
258 1896 339 1977 (stc).
389 1895 431 1956 llt
447 1895 487 1958 de
503 1895 567 1956 hoc
578 1896 713 1978 ponunt
728 1915 763 1957 se
781 1916 881 1977 super
892 1895 1045 1958 assisam.
1090 1894 1113 1958 J
1115 1898 1268 1959 aratores

121 1982 239 2046 dicunt
262 2002 362 2065 snper
388 1983 636 2045 sacramentum
664 2002 761 2044 suum
787 1982 874 2063 quod
900 1983 1078 2065 pradictus
1105 1983 1268 2067 Rogemus,

121 2069 161 2131 de
188 2069 287 2152 cujus
313 2076 433 2145 morte,
461 2073 536 2145 etc,
562 2089 630 2130 non
655 2068 725 2131 fuit
749 2067 886 2132 seisitus
910 2069 951 2132 de
979 2069 1148 2152 praedictis
1178 2074 1271 2132 tene-

123 2157 246 2219 mentis
261 2156 296 2217 in
313 2155 482 2218 dominico
498 2176 558 2218 suo
573 2159 613 2217 ut
628 2155 669 2218 de
685 2155 786 2218 feodo
796 2156 850 2218 die
866 2177 942 2238 quo,
959 2161 1036 2236 etc,
1052 2156 1271 2221 dicuntenim

122 2243 210 2326 quod
236 2242 325 2307 idem
345 2242 499 2325 Rogerus
518 2242 630 2305 tenuit
656 2241 751 2320 illud,
779 2243 911 2306 ratione
936 2243 1096 2308 custodiae
1118 2243 1271 2327 praedicti

123 2330 280 2393 Simonis.
328 2330 373 2392 Et
387 2330 463 2394 ideo
479 2329 727 2393 consideratum
751 2333 803 2392 est
819 2330 907 2412 quod
922 2331 1075 2414 praedicti
1096 2331 1271 2395 lohannes

122 2424 156 2481 et
183 2416 379 2481 Christiana
405 2417 483 2480 inde
511 2416 583 2480 sine
610 2416 674 2495 die,
700 2421 735 2482 et
759 2417 925 2481 Ricardus
946 2417 1053 2481 nichil
1073 2418 1188 2503 capiat
1211 2439 1272 2503 per

121 2504 262 2568 assisam
278 2505 390 2585 istam,
409 2508 461 2567 set
477 2505 522 2566 sit
538 2503 573 2565 in
590 2502 666 2567 mis'
681 2525 742 2588 pro
757 2504 845 2568 falso
861 2504 1016 2570 clamore.

188 2641 380 2705 Willelmus
404 2642 494 2705 filius
518 2641 663 2707 Gilberti
687 2643 727 2706 de
751 2643 931 2728 Slavesley¹
956 2645 1181 2709 summonitus
1203 2645 1273 2708 fuit

123 2730 167 2793 ad
188 2729 459 2813 respondendum
482 2729 592 2791 Priori
615 2730 656 2793 de
678 2730 961 2814 Hecelydeshmm
979 2732 1020 2795 de
1043 2732 1170 2815 placito
1185 2733 1274 2815 quod

124 2817 321 2880 warantizet
344 2817 375 2881 ei
397 2838 501 2880 unum
518 2816 729 2901 mesuagium
752 2825 787 2881 et
809 2840 914 2881 unam
935 2839 1048 2882 acram
1071 2825 1180 2899 terrae,
1197 2842 1274 2884 cum

124 2904 351 2989 pertinentiis,
367 2903 403 2965 in
427 2903 544 2982 Scele,³
568 2925 641 2987 quor
663 2908 768 2985 tenet,
785 2909 820 2969 et
835 2906 876 2969 de
893 2926 932 2969 eo
948 2909 1064 2972 tenere
1087 2906 1224 2987 clamat,
1239 2910 1275 2972 et

125 2991 213 3055 unde
229 2994 357 3055 cartam
374 3012 469 3054 suam
486 2990 599 3070 habet,
616 2995 679 3056 etc.

190 3079 234 3141 Et
255 3077 447 3142 Willelmus
469 3078 562 3141 venit
583 3082 618 3141 et
638 3079 833 3143 concordati
858 3083 939 3143 sunt
957 3101 1017 3164 per
1036 3081 1222 3161 licentiam,
1239 3085 1275 3147 et

124 3165 222 3229 Prior
252 3166 312 3228 dat
342 3165 518 3228 dimidiam
554 3166 597 3227 m'
627 3187 688 3250 pro
720 3166 860 3232 licentia
889 3168 1126 3249 concordandi,
1158 3172 1193 3233 et
1222 3173 1275 3234 est

125 3253 303 3318 concordia
329 3251 432 3315 taulis
459 3252 548 3334 quod
571 3253 752 3336 praedictus
775 3253 967 3318 Willelmus
993 3256 1167 3340 cognoscit
1191 3279 1275 3341 prae-

126 3341 256 3404 diotum
293 3342 523 3403 tenementum
556 3361 631 3404 cum
665 3341 883 3424 pertinentiis
921 3364 993 3407 esse
1030 3344 1086 3427 jus
1123 3342 1276 3429 praedicti

126 3427 264 3577 {ffirils
280 3427 418 3527 utillud
442 3426 530 3510 quod
549 3427 729 3510 pradictus
746 3427 844 3492 Prior
865 3429 969 3493 habet
992 3430 1033 3494 de
1056 3431 1145 3497 dono
1168 3432 1275 3516 ipsius

211 3536 229 3578 e
244 3536 300 3578 mr.

191 3650 360 3714 Robertus
387 3650 476 3715 filius
501 3651 627 3736 Rogeri
654 3652 812 3737 cognovit
837 3655 925 3738 quod
950 3655 1116 3720 concessit
1142 3661 1176 3722 et
1200 3678 1279 3721 con-

129 3738 274 3802 firmavit
298 3759 358 3821 pro
384 3759 419 3802 se
442 3743 476 3803 et
502 3739 682 3803 heredibus
706 3740 775 3803 suis
803 3741 875 3805 Deo
902 3746 936 3806 et
959 3743 1074 3808 Beatae
1099 3744 1226 3825 Mariae,
1242 3748 1278 3809 et

128 3825 255 3888 Abbati
272 3828 306 3887 et
318 3824 508 3889 Conventui
523 3825 612 3889 Novi
626 3826 843 3890 Monasterii⁴
852 3833 887 3892 et
903 3850 1017 3894 eorum
1031 3832 1277 3896 successoribus

128 3912 388 3996 imperpetuum,
402 3934 616 3976 eommunam
634 3916 780 3996 pastura
795 3915 832 3976 in
847 3916 1083 4001 Heselyhyrst'
1099 3918 1142 3981 ad
1165 3919 1279 3983 omnia

129 4003 164 4063 et
180 3999 372 4063 omnimoda
395 3999 506 4063 averia
522 4022 593 4079 sua,
609 4000 759 4083 exceptis
776 4003 896 4085 capris,
912 4005 1122 4086 pertinentia
1145 4006 1188 4069 ad
1204 4006 1279 4071 loca

131 4108 192 4150 sua
219 4087 259 4148 (16
282 4086 501 4170 Esttrington
532 4092 566 4152 et
588 4087 826 4168 Westtrinton,
858 4090 983 4172 ubique
1013 4097 1047 4156 et
1077 4113 1137 4175 per
1166 4096 1279 4156 totum

129 4195 269 4253 annum,
284 4195 345 4258 per
365 4174 428 4236 has
450 4173 585 4254 divisae,
607 4174 748 4254 scilicet,
773 4176 917 4240 scicunt5
940 4178 1220 4265 Orokestanewey
1244 4201 1280 4245 se

164 4349 172 4379 ¹
191 4347 241 4398 For
253 4348 374 4412 Slaveley.
731 4348 851 4400 Hexhum
864 4351 942 4402 called
955 4351 999 4403 the
1011 4352 1074 4403 Sele.

163 4413 174 4444 '²
193 4415 320 4464 chham.
765 4417 773 4444 ⁴
792 4418 1020 4470 SecNewminster
1028 4418 1224 4487 Chartularm.
1232 4424 1273 4473 11.

164 4480 320 4546 ³Probably
350 4481 449 4543 habola,
477 4497 506 4531 or
528 4482 629 4544 mount
651 4481 679 4532 in
762 4481 926 4540 ‘Porciae
