2956 4988
261 461 377 505 assisa
399 460 858 523 non1,‚uonsaonnanmun,
882 442 925 506 58
947 463 1029 507 nnn.
1053 464 1108 508 111.
1196 441 1260 506 145

113 619 145 681 et
169 615 325 681 defendit
347 615 404 701 jus
427 637 525 680 suum
550 616 694 700 quanda
719 620 794 696 eta,
818 621 854 682 et
875 618 960 682 bene
988 617 1144 683 defendit
1170 617 1259 701 quod

112 725 178 770 non
201 704 306 768 habet
340 703 529 786 ingressum
563 702 599 766 in
618 704 817 787 pradictum
839 708 1071 770 tenementum
1093 726 1155 790 per
1176 727 1260 789 prae-

111 791 240 856 dictum
267 791 474 875 Philippum,
501 792 604 856 immo
635 791 718 856 dicit
745 792 834 875 quod
870 792 973 856 habet
1003 793 1193 877 ingressum
1223 793 1260 856 in

111 879 253 944 eundem
270 882 501 944 tenementum
518 900 577 963 per
594 879 771 963 quemdam
787 879 958 963 Rogerum
974 880 1015 942 de
1031 879 1184 965 Merlay‚¹
1201 879 1260 964 qui

112 966 223 1050 ipsum
238 965 317 1032 inde
332 966 487 1045 feofavit,
504 971 539 1030 et
556 966 644 1050 quod
659 967 710 1029 ita
726 966 782 1045 sit,
799 967 897 1050 ponit
920 988 955 1031 se
979 988 1079 1050 super
1101 967 1259 1051 patriam.

111 1053 155 1117 Et
169 1053 286 1137 Agnes
302 1053 490 1136 dicitquod
505 1053 685 1138 pradictus
708 1052 898 1139 Philippus,
916 1055 1085 1138 quondam
1101 1055 1152 1118 vir
1167 1076 1259 1134 suus,

111 1140 241 1205 dimisit
255 1141 452 1226 praedictum
469 1144 699 1206 tenementum
723 1142 883 1226 praedicto
908 1141 1089 1220 Willelm0,
1113 1145 1148 1207 et
1170 1143 1260 1225 quod

110 1226 200 1292 idem
223 1227 413 1292 Willelmus
435 1228 539 1292 habet
555 1228 744 1313 ingressum
761 1227 797 1290 in
812 1228 1009 1312 praedictum
1029 1232 1262 1294 tenementum

110 1336 170 1399 per
184 1315 383 1399 pradictum
399 1314 595 1400 Philippum
611 1319 645 1379 et
661 1337 728 1380 non
744 1336 804 1400 per
819 1316 1017 1399 pradictum
1032 1317 1203 1400 Rogemm
1218 1317 1261 1381 de

110 1401 251 1487 Merlay.
282 1402 386 1466 Ponit
397 1423 432 1468 se
443 1425 543 1486 super
551 1403 709 1486 patriam,
723 1408 757 1466 et
770 1402 963 1466 Willelmus
976 1403 1142 1468 similiter.
1179 1404 1260 1469 Ideo

112 1490 170 1553 fiat
185 1489 263 1554 inde
279 1489 418 1574 juratas
463 1490 587 1555 Postea
609 1490 769 1575 praedicta
785 1491 901 1574 Agnes
917 1511 985 1553 non
1002 1497 1054 1555 est
1069 1494 1259 1574 prosecuta,

110 1575 185 1643 ideo
215 1578 290 1662 ipsa
317 1584 350 1643 et
380 1577 484 1662 plegii
515 1577 567 1641 sui
598 1578 639 1641 de
668 1578 899 1661 prosequendo
930 1578 966 1641 in
997 1578 1083 1657 mis’,
1119 1577 1259 1657 scilicet,

110 1663 312 1749 Radulphus
328 1664 483 1749 Tyncher
498 1669 533 1729 et
548 1664 749 1750 Radulphus
765 1665 920 1728 Truwan.

173 1795 293 1859 Assisa
308 1795 401 1859 venit
416 1795 633 1879 recognitum
648 1795 676 1858 si
693 1796 814 1861 Petrus
842 1795 873 1858 le
897 1797 1055 1878 Grapere,
1076 1795 1260 1860 avunculus

109 1882 204 1945 Petri
220 1881 280 1946 filii
296 1882 400 1960 Ermi,
417 1883 487 1945 fuit
502 1882 639 1946 seisitus
662 1884 697 1945 in
719 1882 888 1946 dominico
911 1903 971 1945 suo
987 1888 1027 1946 ut
1042 1883 1083 1946 de
1099 1884 1199 1947 feodo
1219 1884 1259 1947 de

109 1991 178 2033 una
208 1973 359 2034 marcata
388 1970 540 2035 redditus
564 1991 639 2032 cum
663 1969 878 2053 pertinentiis
909 1970 944 2032 iu
969 1969 1185 2054 Mauylawes,
1206 1969 1260 2034 die

108 2077 186 2141 quc,
203 2062 268 2122 etc.
314 2057 415 2136 Etsi,
437 2061 500 2121 etc.
547 2056 656 2137 Quam
679 2057 700 2120 J
704 2058 853 2121 ohannes
870 2057 911 2120 de
933 2057 1130 2121 Prenderla³
1153 2061 1258 2136 tenet,

111 2144 168 2227 qui
184 2143 277 2207 venit
293 2148 328 2210 et
344 2144 449 2207 nichil
474 2145 558 2207 dicit
582 2164 684 2227 quare
704 2144 811 2208 assisa
835 2149 1019 2221 remaneat,
1036 2144 1101 2208 nisi
1124 2148 1262 2208 tantum

107 2231 197 2315 quod
213 2231 297 2296 dicit
313 2232 401 2314 quod
416 2232 595 2314 pradictus
620 2231 752 2310 Petrus,
769 2232 810 2294 de
826 2231 924 2314 cujus
957 2234 1074 2310 morte,
1092 2236 1167 2309 etc,
1191 2252 1259 2296 non

108 2318 194 2382 obiit
210 2319 347 2382 seisitus
364 2319 404 2382 de
420 2318 581 2401 praedicta
598 2323 747 2382 marcata
763 2319 914 2382 redditus
928 2344 937 2396 3
968 2324 1002 2382 et
1025 2320 1066 2382 de
1084 2319 1146 2382 hoe
1161 2318 1259 2401 pouit

109 2426 144 2469 se
160 2427 260 2489 super
275 2405 426 2470 assisam.
474 2407 518 2468 llt
542 2406 645 2490 Hugo
669 2406 782 2469 Todde
799 2407 840 2469 de
857 2405 1012 2469 Holthal’
1029 2411 1064 2468 et
1087 2406 1258 2469 Robertus

108 2492 150 2556 de
177 2492 336 2570 Neuton’‚
360 2492 600 2576 recognitores,
629 2513 697 2556 nou
721 2498 895 2571 venerunt,
920 2493 996 2557 ideo
1021 2491 1087 2575 ipsi
1110 2492 1145 2555 in
1172 2492 1258 2557 mis'.

110 2581 285 2644 Juratores
309 2580 427 2645 dicunt
450 2602 550 2663 super
573 2584 820 2645 sacramentum
845 2601 944 2643 suum
968 2580 1057 2661 quod
1079 2579 1259 2663 praedictus

109 2666 243 2746 Petrus,
269 2667 310 2732 de
336 2669 429 2751 eujus
455 2672 570 2744 morte,
587 2674 663 2746 etc,
681 2688 749 2730 non
776 2666 846 2730 fuit
873 2666 1009 2731 scisitus
1032 2667 1073 2730 de
1099 2666 1262 2749 praedicta

109 2760 260 2819 marcata
282 2755 445 2832 redditus,
462 2754 516 2816 die
540 2775 605 2837 quo
621 2754 718 2818 obiit.
767 2755 813 2817 Et
835 2754 911 2817 ideo
935 2753 1184 2818 consideratum
1208 2757 1261 2817 est

108 2841 196 2925 quod
221 2841 402 2925 praediatus
426 2841 601 2905 Johannes
631 2841 710 2905 iude
741 2843 813 2904 sine
840 2841 905 2919 die,
934 2845 969 2906 et
1000 2840 1121 2905 Petrus
1153 2839 1257 2905 nichil

108 2928 222 3012 capiat
236 2949 297 3013 per
312 2929 453 2992 assisam
470 2928 580 3008 istam,
598 2933 649 2994 set
665 2929 711 2992 sit
726 2929 763 2991 in
779 2927 854 2991 mis'
870 2949 931 3012 pro
953 2926 1042 2992 falso
1060 2927 1215 2992 clamore.

173 3066 342 3131 Robertus
369 3065 410 3130 de
435 3065 603 3143 Duniord,
630 3065 779 3143 clericus,
805 3065 862 3149 qui
889 3064 970 3128 tulit
995 3064 1093 3131 breve
1117 3065 1159 3129 de
1183 3085 1259 3130 con-

109 3153 267 3217 ventione
290 3173 405 3216 versus
422 3153 640 3236 Radulphum
664 3152 796 3237 Gaugy,
813 3157 948 3217 nonest
971 3157 1169 3236 prosecutus
1185 3153 1260 3217 ideo

108 3239 180 3324 ipse
195 3244 231 3304 et
246 3239 349 3324 plegii
366 3239 418 3302 sui
441 3241 482 3303 de
505 3241 736 3324 prosequendo
757 3240 793 3302 in
816 3239 902 3318 mis',
920 3239 1059 3319 scilicet,
1078 3239 1194 3304 Simon
1217 3241 1259 3305 dc

109 3327 275 3391 Pauldou'
291 3332 326 3392 et
342 3326 535 3390 Willelmus
553 3326 732 3392 Galbrath'
748 3327 790 3391 de
806 3327 989 3412 Tyndeley.

174 3473 339 3538 Ricardus
363 3472 451 3536 filius
471 3473 610 3536 Roberti
634 3473 675 3539 de
698 3472 910 3552 Penrother,⁴
930 3472 987 3557 qui
1010 3472 1092 3535 tulit
1117 3472 1259 3537 assisam

109 3583 202 3625 novae
218 3561 401 3625 disseisinae
417 3581 531 3624 versus
547 3560 657 3623 Adam
673 3560 779 3623 filium
795 3560 936 3625 Roberti
952 3560 993 3623 de
1009 3560 1196 3625 Penrother
1217 3560 1258 3624 de

109 3653 304 3715 tenemento
320 3647 356 3709 in
371 3647 535 3723 Heburn',
551 3669 618 3710 non
635 3651 688 3713 est
702 3652 911 3731 prosecutus,
924 3647 1000 3711 ideo
1015 3647 1087 3731 ipse
1104 3652 1138 3710 et
1154 3646 1258 3731 plegii

109 3737 163 3801 sui
193 3736 234 3799 de
264 3735 495 3818 prosequendo
525 3734 562 3796 in
592 3734 680 3814 mis’,
697 3734 836 3813 scilicet,
868 3735 1035 3798 Ricardus
1066 3734 1189 3798 Nakoh
1215 3735 1257 3797 de

110 3818 272 3887 Heburne
288 3827 323 3886 et
344 3821 448 3905 Hugo
468 3820 655 3885 Gudknave
671 3822 712 3887 de
731 3822 859 3901 eadem,
879 3825 914 3885 et
937 3821 1117 3906 pradictus
1135 3822 1256 3901 Adam,

110 3911 167 3994 qui
182 3930 327 3995 prensens
344 3912 405 3987 est,
422 3908 501 3972 iude
517 3909 589 3972 sine
606 3908 670 3972 die.

175 4039 347 4104 Gilbertus
358 4039 510 4123 Thyone,
518 4037 574 4122 qui
585 4039 667 4101 tulit
676 4038 818 4102 assisam
829 4037 947 4102 mortis
953 4037 1174 4103 antecessoiis
1184 4056 1257 4101 ver-

143 4186 150 4217 ¹
169 4185 254 4248 Roget
266 4184 297 4234 do
309 4183 408 4246 llerlay
425 4182 483 4233 held
496 4183 540 4233 the
552 4183 656 4248 Barony
707 4183 790 4233 which
803 4184 820 4234 J
823 4183 874 4232 olm
887 4183 917 4233 de
933 4183 1101 4234 Proudrelath
1118 4183 1139 4233 is
1151 4184 1255 4234 delend-

109 4253 137 4304 ol
148 4251 270 4315 Morpoth
285 4253 372 4311 (Testa
385 4252 416 4299 de
428 4251 523 4311 Nevill,
535 4266 559 4312 p.
572 4248 655 4311 892l').
707 4254 753 4301 aut
766 4250 828 4302 1271
843 4249 943 4312 (Baiu's
959 4251 1020 4310 Cal„
1033 4251 1049 4301 i.
1063 4251 1149 4314 2603),

141 4317 292 4383 ²0pposite
312 4317 364 4367 this
387 4317 414 4366 iu
438 4316 482 4368 the
505 4316 607 4381 margin
636 4316 657 4366 is
741 4317 868 4367 ⁴Itobert
890 4317 921 4366 do
943 4315 1085 4367 Fenrother
1109 4317 1168 4367 hold
1191 4317 1255 4368 Fen·

111 4388 176 4437 Dies
187 4387 329 4436 Dominam.
708 4384 797 4434 rot-her
811 4385 897 4444 (Tecta
909 4386 939 4433 de
951 4384 1045 4446 Neoill,
1058 4400 1081 4447 p.
1094 4386 1164 4445 387).

143 4449 452 4506 ³suilastoamil1in
469 4449 612 4517 Manylaws
631 4448 659 4500 in

1108 4537 1128 4581 L
