2956 4988
299 477 413 522 assur
436 477 534 537 nom„
557 478 895 537 sommarium,
919 458 938 522 7
961 478 1048 522 sorr.
1071 478 1096 522 1.
1200 456 1263 520 257

117 629 289 696 Johannes
303 632 458 715 queritur
479 633 569 717 quod
591 654 668 698 oum
694 633 766 717 ipse
792 633 847 698 die
873 632 1035 698 Omnium
1059 632 1261 697 Sanctorum

117 717 301 784 invenisset
315 721 427 785 averia
440 721 592 805 praedicti
608 720 805 799 Alexandri,
820 719 961 799 seilicet,
976 739 1091 804 equos,
1103 718 1214 797 bores,
1226 723 1262 784 et

118 826 233 870 vaoeas
248 806 284 868 iu
300 807 446 891 dampno
461 829 533 887 suo,
544 807 684 885 seilicet,
700 809 736 870 in
748 808 893 891 quodam
908 811 1007 892 prato
1022 827 1084 871 suo
1097 812 1180 871 tune
1192 827 1259 869 nou

115 891 252 970 falcato,
267 898 302 957 et
317 916 356 960 ea
371 895 487 959 eodem
509 895 775 972 dissecandum
802 894 908 980 legem
925 898 961 958 et
983 893 1260 959 urnsuetudiuenr

117 981 224 1064 regni,
234 980 420 1082 impanare
434 982 607 1061 voluisset,
624 982 945 1082 iidem-Alexander3
956 981 1136 1081 Robertus‚
1151 984 1185 1045 et
1202 980 1261 1082 ulii

117 1069 780 1241 fflsldtzdllfflrlsss
792 1068 1261 1238 ²ls¹ltrssl¹tffsgtl¹dsz

117 1242 346 1322 schusserunt‚
378 1247 413 1308 et
442 1245 596 1310 homines
622 1244 729 1329 ipsius
758 1244 926 1308 Johannis
956 1243 998 1308 de
1027 1242 1261 1327 Hertweyton‚

117 1328 242 1393 ibidem
272 1330 456 1395 existentes
492 1331 763 1409 verberaverunt,
793 1330 1076 1407 numeraverunt,
1103 1333 1138 1394 et
1162 1328 1263 1394 mule·

115 1418 357 1495 tractaverunt,
373 1422 408 1481 et
431 1418 497 1482 alia
517 1420 669 1482 enormia
689 1419 737 1482 eis
756 1418 957 1496 intulerunt,
974 1417 1063 1481 unde
1078 1415 1262 1500 dicitquod

117 1502 340 1568 deterior-atus
361 1510 414 1569 est
436 1510 471 1569 et
486 1506 671 1589 dampnum
692 1505 796 1570 habet
812 1505 855 1569 ad
871 1504 1055 1568 ualentiam
1071 1501 1196 1588 viginti
1213 1503 1261 1566 li‘.

117 1589 162 1652 Et
177 1590 254 1656 inde
269 1592 427 1674 producit
442 1597 580 1672 sectam,
597 1597 661 1657 etc.

180 1677 225 1741 Et
240 1677 441 1759 Alexander,
466 1680 645 1759 Robertus,
662 1679 840 1754 Ricardus,
857 1678 1041 1757 Gilbertus,
1060 1676 1262 1755 Willelmus,

116 1763 139 1827 J
140 1764 301 1845 ohannes,
317 1766 520 1845 willelme,
547 1767 724 1844 Ricardus,
741 1767 898 1844 Thomas,
925 1765 1037 1850 Elyas,
1053 1765 1210 1837 Thomas,
1227 1770 1261 1828 et

116 1851 285 1916 Robertus
311 1856 452 1916 veniunt
479 1859 514 1918 et
541 1854 741 1918 deffendunt
762 1853 829 1917 vim
856 1858 891 1917 et
921 1852 1091 1936 iujuriam,
1116 1851 1262 1934 quando,

117 1942 181 2002 etc.
225 1939 271 2002 Et
285 1941 438 2024 praedicti
454 1940 646 2006 Alexander
660 1944 695 2004 et
713 1940 879 2004 Robertus
902 1940 944 2003 de
967 1938 1154 2003 Botelaund
1178 1939 1263 2004 bene

117 2025 305 2089 defendunt
329 2028 417 2111 quod
442 2028 507 2111 ipsi
533 2049 707 2111 nunquam
733 2026 903 2110 praedictis
926 2026 991 2105 die,
1019 2047 1119 2104 anno,
1136 2025 1261 2089 ibidem

118 2113 227 2176 averia
251 2113 362 2198 aliqua
389 2119 630 2194 resousserunt,
647 2135 709 2179 neo
732 2113 879 2198 aliquam
895 2113 1198 2198 transgressionem
1214 2112 1263 2177 eis

117 2200 281 2280 fecerunt,
308 2201 396 2267 siout
419 2202 468 2267 eis
495 2201 648 2287 inponit3
671 2207 803 2286 ponunt
828 2223 863 2265 se
890 2221 990 2285 super
1015 2199 1172 2285 patriam.
1218 2200 1263 2263 Et

117 2286 292 2352 lohannes
320 2290 361 2354 de
388 2290 602 2375 Herweyton’
631 2288 796 2354 similiter.
843 2288 925 2352 Ideo
951 2289 1011 2350 fiat
1035 2287 1115 2352 inde
1135 2288 1262 2371 jurata.

117 2373 292 2438 Juratores
319 2375 438 2440 dicunt
467 2397 568 2461 super
594 2379 842 2441 sacramentum
865 2397 962 2439 suum
990 2375 1077 2459 quod
1108 2373 1260 2458 praedicti

118 2460 305 2526 Alexander
319 2466 354 2527 et
368 2463 535 2529 Robertus
558 2463 600 2527 de
622 2462 791 2527 Botlaund
813 2462 984 2546 praedietis
1000 2461 1105 2527 diest
1121 2482 1210 2525 anuo
1231 2458 1263 2525 vi

120 2551 155 2612 et
169 2549 271 2612 armis
288 2549 382 2614 nulla
402 2551 514 2615 averia
538 2573 558 2614 a
581 2550 743 2633 praedicto
770 2550 792 2614 J
795 2551 928 2614 ohanne
955 2551 1179 2626 recusseruut‚
1203 2569 1264 2612 neo

118 2634 266 2718 aliquam
295 2638 597 2722 transgressionem
628 2637 793 2702 fecerunt.
843 2636 984 2699 ntideo
1015 2635 1263 2700 consideratum

119 2723 274 2806 estquod
290 2725 441 2806 praedicti
459 2725 649 2791 Alexander
663 2729 698 2788 et
713 2723 882 2787 Robertus
906 2723 986 2787 inde
1015 2722 1087 2785 sine
1107 2721 1171 2786 die.
1218 2721 1264 2784 Et

118 2808 140 2872 J
141 2809 291 2875 ohannes
307 2809 410 2875 nichil
426 2812 539 2896 capiat
553 2833 614 2896 per
628 2811 779 2895 juratam
795 2810 908 2888 istam,
924 2814 977 2873 set
999 2809 1046 2873 sit
1060 2809 1096 2872 in
1113 2808 1187 2873 mis'
1203 2829 1265 2892 pro

117 2895 206 2960 falso
221 2896 374 2977 elamore,
391 2901 455 2962 etc.
1341 2893 1345 2903 '

182 2984 228 3047 Et
243 2985 394 3067 praedioti
408 2986 574 3049 Ricardus
591 2985 662 3050 Ker
677 2984 786 3051 etalii
804 2983 922 3048 dicunt
945 2983 1034 3066 quod
1057 2982 1265 3047 consuetudo

118 3069 210 3134 illius
227 3071 347 3154 patriae
365 3071 445 3136 talis
461 3076 524 3150 est,
541 3073 629 3156 quod
645 3076 721 3156 post
737 3073 855 3135 horam
871 3092 993 3134 nonam
1019 3069 1086 3134 diei
1102 3068 1261 3134 Omnium

118 3157 319 3222 Sanctorum
335 3162 387 3222 est
403 3164 535 3242 tempus
551 3164 704 3244 apertum
728 3160 778 3223 ita
800 3158 890 3242 quod
912 3156 1044 3220 licitum
1060 3162 1113 3220 est
1131 3156 1263 3221 unicui·

117 3264 180 3328 que
195 3245 283 3327 quod
298 3253 408 3329 prata,
422 3267 494 3328 quae
509 3246 602 3330 prius
618 3246 758 3311 fuerunt
770 3247 806 3308 in
817 3244 957 3311 defenso
973 3246 1053 3307 ante
1069 3244 1265 3328 praedictam

118 3331 235 3394 horam
251 3352 375 3396 nonam
391 3333 559 3417 praediotae
575 3332 654 3411 diei,
670 3337 747 3416 post
763 3332 903 3396 eandem
920 3330 1038 3394 horam
1051 3352 1126 3395 cum
1143 3330 1264 3395 averiis

116 3418 185 3481 suis
201 3419 318 3482 eadem
333 3423 431 3504 prata
447 3420 589 3504 depasti.
635 3419 816 3484 Iit-dicunt
832 3418 919 3502 quod
942 3417 1006 3501 ipsi
1030 3423 1107 3502 post
1122 3418 1264 3482 eandem
1364 3494 1369 3506 .

117 3503 234 3568 horam
250 3526 327 3570 cum
342 3507 463 3570 averiis
487 3506 556 3570 suis
579 3512 745 3571 venerunt
772 3506 813 3571 ad
838 3505 1036 3589 preadictum
1060 3509 1207 3588 pratum,
1230 3510 1266 3569 et

116 3590 200 3655 illud
216 3614 292 3657 oum
308 3594 428 3658 averiis
445 3593 513 3658 suis
529 3593 662 3678 depasti
677 3595 827 3672 fuerunt,
839 3591 1016 3656 simuleum
1039 3591 1160 3655 averiis
1182 3613 1264 3675 prm-

117 3677 199 3743 dioti
223 3679 392 3744 Johannis
419 3680 460 3744 de
488 3680 719 3766 Hertweyton’
736 3680 772 3743 in
796 3679 958 3763 praedioto
973 3682 1071 3762 prato
1086 3678 1275 3744 existenti.

117 3765 190 3845 bus,
208 3765 296 3831 sicut
312 3766 360 3830 eis
387 3766 470 3832 bene
494 3766 590 3831 licuit
617 3768 801 3833 secundum
829 3765 1108 3831 consuetudinem
1136 3765 1264 3849 patriae.

117 3852 162 3916 Et
179 3853 266 3935 quod
281 3852 374 3916 illam
390 3853 692 3937 transgressionem
708 3854 816 3918 eidem
831 3853 854 3917 J
855 3851 982 3917 ohanni
1006 3873 1075 3917 non
1098 3852 1264 3930 feceruut,

116 3943 250 4022 ponunt
266 3960 301 4003 se
317 3961 416 4024 super
431 3940 586 4023 patriam.
633 3942 677 4005 Et
692 3941 866 4005 lohannes
883 3940 924 4003 ds
935 3938 1168 4024 Hertweyton’
1182 3938 1266 4002 dicit

118 4026 207 4108 quod
221 4026 401 4110 praediatus
417 4027 583 4091 Ricardus
600 4026 672 4092 Ker
687 4033 721 4093 et
736 4027 795 4091 alii
811 4032 890 4089 ante
907 4027 1024 4089 horam
1040 4047 1164 4090 nouam
1181 4047 1265 4110 prm·

117 4112 209 4177 dioto
225 4114 280 4176 die
295 4112 456 4178 Omnium
478 4113 681 4178 Sanctorum
704 4119 841 4198 pratum
864 4112 950 4175 illud
966 4133 1042 4176 cum
1058 4111 1180 4175 averiis
1197 4113 1266 4176 suis

117 4197 251 4283 depasti
266 4200 409 4264 fuerunt
436 4205 471 4264 et
496 4200 585 4283 quod
609 4201 680 4284 ipse
705 4199 818 4264 averia
842 4199 902 4263 illa
928 4199 1121 4282 inparousse
1147 4198 1265 4278 voluit,

116 4286 182 4369 ipsi
198 4286 311 4352 averia
327 4287 386 4361 illa
401 4295 644 4352 rescusserunt.
690 4289 736 4351 Et
752 4286 840 4370 quod
857 4286 907 4349 ita
930 4284 975 4349 sit
998 4285 1085 4370 petit
1102 4285 1190 4367 quod
1214 4285 1266 4348 in-

117 4373 282 4455 quiratur.
328 4375 374 4437 Et
404 4373 573 4438 Ricardus
604 4379 638 4439 et
668 4374 727 4438 alii
759 4372 925 4437 similiter.
986 4372 1069 4437 Ideo
1096 4373 1158 4435 fiat
1188 4372 1267 4437 inde

116 4460 243 4548 jurata.
288 4461 310 4525 J
313 4466 465 4528 aratores
497 4462 619 4528 dicunt
649 4482 750 4549 super
774 4465 1024 4526 sacramentum
1051 4480 1150 4523 suum
1180 4459 1269 4544 quod

1118 4567 1134 4611 s
