2956 4988
342 483 456 529 assrzn
479 483 576 544 noun,
599 483 935 546 noarnusrauanann,
961 464 980 530 7
1003 485 1090 530 now.
1114 484 1139 530 r.
1253 461 1314 527 2⁷1

170 636 400 718 Swineburne,
427 636 541 703 omnia
566 638 751 724 mesuagia,
773 642 892 718 terras,
916 643 1024 725 prata,
1041 642 1077 704 et
1101 637 1264 717 redditus,
1281 638 1316 701 et

169 725 343 790 servitium
365 724 542 809 cujusdam
557 724 713 810 Agnetis,
729 725 806 791 ffliae
822 726 981 792 Nicholai
996 725 1185 811 Praepositi,
1201 724 1315 789 liberae

168 813 329 892 tenentis,
346 834 421 878 cum
447 812 664 897 pertinentiis
688 812 724 875 in
750 812 879 898 Ingow,
895 835 969 897 quae
984 813 1154 878 Walterus
1178 805 1220 877 dt
1236 810 1314 877 Ale-

168 899 308 964 mannia
323 901 364 965 de
379 900 452 984 ipso
468 898 620 964 Gilberto
634 899 757 979 tenuit,
768 906 804 964 et
818 921 877 985 per
892 900 1054 985 scriptum
1071 922 1169 965 suum
1184 897 1312 983 resiug-

170 987 338 1051 natorium
356 987 464 1052 eidem
481 985 633 1052 Gilberto
648 987 778 1050 remisit
793 995 829 1051 et
851 987 1071 1071 resingnavit,
1088 994 1123 1051 et
1138 986 1228 1070 quod
1241 986 1314 1069 ipse

170 1078 205 1137 et
220 1074 359 1138 heredes
375 1075 428 1137 sui
444 1073 774 1137 warrantizarerunt.
821 1075 919 1140 Unde
935 1074 1019 1140 dicit
1041 1075 1130 1159 quod
1150 1094 1211 1158 per
1231 1093 1314 1158 prae·

170 1161 297 1225 dictam
313 1167 443 1226 cartam
458 1161 558 1224 debet
573 1159 606 1226 ei
621 1161 870 1227 warrantizare.

234 1248 279 1311 Et
296 1248 468 1312 Gilbertus
484 1247 569 1313 dicit
590 1247 681 1330 quod
704 1247 777 1332 ipse
803 1269 871 1313 non
895 1253 1034 1313 tenetur
1058 1249 1089 1313 ei
1115 1246 1313 1332 praedictum

170 1335 308 1400 tertiam
322 1339 453 1419 partem
480 1356 539 1418 per
562 1334 753 1417 praedictam
777 1340 905 1400 cartam
920 1335 952 1399 ei
968 1335 1217 1413 warrantizare,
1235 1332 1314 1417 quia

170 1421 255 1487 dicit
270 1423 358 1505 quod
374 1421 536 1506 praedieta
550 1420 677 1506 Agnes,
693 1442 767 1504 quae
782 1423 817 1485 in
832 1423 995 1508 praedicta
1009 1425 1102 1488 carta
1118 1421 1314 1485 nominatur

170 1513 205 1573 et
221 1530 311 1573 nunc
326 1529 412 1573 uxor
434 1507 586 1593 praedieti
612 1508 788 1592 Stephani,
805 1514 956 1593 tempore
983 1509 1205 1574 confectionis
1229 1528 1313 1593 prae·

170 1596 269 1662 dictae
292 1600 393 1661 cartae
415 1595 485 1659 fuit
510 1595 546 1658 in
572 1595 697 1659 seisina
721 1597 762 1661 de
786 1595 955 1681 praedictis
979 1596 1184 1663 tenementis
1210 1599 1248 1659 ut
1271 1593 1313 1658 de

169 1683 276 1747 libero
290 1686 486 1750 tenemento
502 1702 573 1762 suo,
591 1682 679 1748 unde
694 1681 825 1747 desicut
849 1683 921 1769 ipse
942 1683 1099 1750 ieoffavit
1113 1682 1313 1767 pradictum

168 1771 191 1835 J
193 1770 362 1834 ohannem
374 1770 414 1836 de
431 1769 567 1834 servitio
578 1768 813 1853 praedictorum
829 1774 1110 1850 tenementorum,
1123 1768 1313 1854 recipiendo

169 1880 228 1942 per
244 1878 363 1921 manus
379 1856 484 1941 ipsius
499 1855 679 1940 Angnetis,
696 1859 730 1920 et
754 1856 826 1941 ipse
850 1861 948 1923 vocat
974 1859 1085 1943 ipsum
1108 1858 1151 1922 ad
1168 1876 1313 1920 warran-

169 1948 243 2009 tum
259 1944 421 2008 delibero
437 1947 631 2009 tenemento
647 1964 721 2007 cum
741 1948 874 2008 tantum
891 1944 1062 2029 obligatur
1077 1943 1313 2009 warrantizare

170 2032 277 2095 eidem
293 2031 316 2095 J
318 2031 445 2095 ohanni
472 2030 646 2094 servitium
669 2030 905 2114 praedictorum
929 2035 1210 2109 tenementorum,
1226 2029 1314 2114 petit

168 2118 344 2204 judicium,
361 2118 389 2182 si
406 2118 449 2181 ad
465 2117 664 2182 warantiam
679 2117 775 2181 liberi
791 2119 977 2184 tenementi
993 2118 1175 2183 eorundem
1191 2117 1312 2181 debeat

168 2228 228 2290 per
243 2210 371 2270 cartam
386 2204 478 2269 illam
495 2203 649 2289 obligari,
665 2207 728 2268 etc.

233 2294 279 2357 Et
294 2292 316 2356 J
318 2293 468 2357 ohannes
484 2291 567 2356 bene
583 2291 757 2375 cognoscit
773 2292 860 2374 quod
887 2293 1067 2376 pradictus
1085 2291 1255 2355 Walterus
1270 2290 1312 2354 de

170 2400 235 2464 quo
250 2380 411 2464 praedicta
426 2379 569 2462 Angues
587 2377 700 2443 tenuit
722 2378 883 2461 praedicta
904 2383 1100 2446 tenemento
1126 2379 1169 2442 ad
1196 2376 1311 2442 termi-

169 2489 248 2531 num
275 2467 354 2531 vita
378 2466 484 2550 ipsius
508 2463 679 2549 Angnetis
705 2465 853 2530 reddidit
888 2467 1048 2550 praedicto
1072 2465 1236 2543 Gilberto,
1260 2466 1312 2529 set

168 2553 252 2618 dicit
267 2553 356 2637 quod
372 2555 452 2616 ante
467 2551 691 2628 redditionem
717 2551 810 2615 illam
833 2553 994 2636 praedicta
1009 2554 1149 2639 Angues
1164 2550 1313 2616 reddidit

166 2641 326 2726 praedicta
362 2645 557 2704 tenementa
593 2638 683 2702 uude
714 2639 876 2723 praedicta
908 2640 1061 2705 Hawisia
1092 2640 1191 2705 modo
1225 2637 1313 2722 petit

166 2728 302 2792 tertiam
334 2729 477 2811 partem,
502 2725 651 2789 reddidit
674 2726 790 2789 eadem
814 2730 1009 2792 tenementa
1038 2727 1198 2812 praedicto
1223 2724 1313 2789 Wal-

166 2821 249 2893 tero,
278 2818 312 2878 et
336 2814 425 2877 idem
457 2812 630 2876 Walterus
665 2817 844 2896 postquam
879 2813 1022 2899 adeptus
1052 2814 1121 2878 fuit
1152 2813 1312 2878 seisinam

166 2902 399 2986 praedictorum
443 2902 714 2964 tenementorum
755 2921 816 2983 per
848 2900 1073 2966 redditionem
1109 2901 1202 2965 illam
1240 2899 1313 2962 red-

167 2989 254 3052 didit
283 2987 443 3072 pracdictc
465 2985 618 3050 Gilberto
642 2986 757 3049 eadem
783 2991 979 3052 tenementa
1012 2987 1188 3052 simulcunr
1218 2991 1313 3051 tene·

167 3075 291 3141 mentis
328 3075 365 3136 in
409 3073 525 3137 eadem
570 3075 665 3136 carta
710 3074 890 3139 contentis.
968 3074 1067 3140 Unde
1104 3075 1187 3138 dicit
1224 3072 1312 3156 quod

165 3163 345 3247 pradictus
376 3159 547 3225 Gilbertus
578 3158 632 3222 die
657 3180 722 3242 quo
748 3160 856 3244 ipsam
883 3161 1049 3241 feoffavit,
1076 3162 1146 3225 fuit
1175 3161 1312 3224 seisitus

166 3250 207 3314 de
223 3249 329 3312 libero
344 3254 537 3311 tenemento
553 3245 789 3330 pradictorum
805 3250 1087 3328 tenementorum,
1103 3248 1192 3312 nude
1208 3246 1313 3311 tertia

165 3358 242 3420 pars
258 3335 356 3398 modo
371 3333 510 3418 petitur.
557 3333 602 3396 at
617 3332 705 3416 quod
721 3333 773 3396 ita
799 3334 845 3398 sit
870 3335 968 3420 ponit
989 3356 1024 3401 se
1040 3357 1140 3484 super
1154 3334 1311 3418 patriam.

167 3424 212 3486 Et
228 3422 399 3486 Gilbertus
422 3420 588 3484 similiter.
635 3419 716 3486 Ideo
731 3420 793 3483 fiat
809 3421 887 3485 inde
902 3422 1027 3507 jurata.
1103 3427 1198 3485 ostea
1218 3420 1312 3486 venit

165 3509 344 3593 praedictus
361 3507 533 3573 iohannes
539 3532 548 3585 ;
572 3509 752 3571 resortitur
767 3508 808 3571 de
826 3509 1006 3572 narrantia
1019 3508 1089 3573 illa.
1135 3508 1215 3574 Ideo
1231 3530 1313 3591 prae·

166 3597 277 3660 dictus
309 3594 480 3659 Gilbertus
507 3592 586 3658 inde
617 3594 689 3657 sine
713 3593 776 3657 die.
837 3595 882 3658 Et
912 3596 1071 3679 praedicta
1099 3595 1251 3659 Hawisia
1277 3600 1313 3659 et

165 3684 339 3747 Johannes
355 3680 549 3746 concordati
565 3686 646 3745 sunt
660 3702 721 3764 per
746 3680 932 3746 licentiam.
978 3683 1024 3746 Et
1050 3682 1225 3747 Johannes
1251 3682 1312 3746 dat

166 3769 341 3834 dimidiam
367 3769 409 3831 m’
435 3789 495 3852 pro
520 3767 660 3832 lieentia
684 3769 920 3832 concordandi.
980 3770 1026 3833 at
1053 3775 1105 3834 est
1132 3768 1312 3834 concordia

166 3857 244 3922 talis
257 3856 345 3939 quod
360 3855 540 3939 praedictus
553 3854 575 3918 J
576 3854 727 3918 ohannes
743 3854 855 3918 reddit
871 3856 1064 3940 praedictam
1083 3856 1220 3920 tertiam
1235 3878 1311 3940 par·

165 3951 235 4009 tem
250 3943 402 4029 praedicti
418 3941 604 4007 tenementi
619 3941 787 4024 praedictae
806 3943 974 4021 Hawisia,
986 3944 1172 4007 tenendum
1184 3943 1226 4006 de
1237 3944 1311 4026 ipso

166 4037 240 4095 tota
255 4031 326 4094 vita
339 4029 447 4113 ipsius
465 4028 622 4092 Hawisiae
637 4028 773 4093 nomine
789 4029 889 4108 dotis,
907 4034 971 4095 etc.

231 4200 341 4264 David
360 4199 447 4263 filius
473 4198 619 4265 Gilberti
640 4199 673 4266 le
697 4199 755 4263 siz
782 4199 867 4264 Kew
892 4202 979 4285 petit
995 4223 1111 4267 versus
1128 4201 1312 4266 Ricardum

165 4288 272 4351 filium
293 4286 430 4351 Ricardi
454 4286 495 4352 de
523 4285 728 4351 Bottelauud
754 4286 821 4351 tria
848 4289 1031 4373 mesuagia,
1048 4288 1169 4374 viginti
1185 4298 1221 4353 et
1235 4294 1312 4353 octo

165 4396 259 4438 acras
282 4377 380 4437 terra
395 4394 472 4437 cum
488 4373 705 4457 pertinentiis
726 4373 760 4436 in
779 4374 939 4458 Birteley,
956 4381 997 4439 ut
1018 4376 1075 4459 jus
1092 4397 1201 4455 suum,
1218 4382 1253 4440 et
1276 4375 1312 4438 in

165 4483 237 4547 quae
252 4461 342 4525 idem
358 4459 524 4526 Ricardus
541 4460 728 4527 nonhabet
750 4460 940 4547 ingressum
963 4463 1029 4527 nisi
1055 4484 1115 4549 per
1128 4463 1312 4529 Ricardum
