2956 4988
309 478 422 523 sssrzr
444 477 541 539 nonu,
564 477 900 534 uournurrsrrurru,
923 458 967 522 40
989 478 1071 522 unu.
1095 475 1163 521 111.'
1283 449 1302 512 5

158 630 256 696 ieodo
286 632 409 700 deser
435 632 522 696 acris
549 636 647 698 terrae
672 637 707 698 et
732 631 836 698 tertis
861 634 958 717 purte
984 632 1087 696 unius
1115 627 1200 694 toiti
1227 644 1303 691 cum

160 719 375 803 pertinentiis
397 719 433 783 in
449 718 673 800 Melleburn'‚l
698 719 751 784 die
768 741 844 804 quo,
861 724 924 786 etc.
969 719 1069 798 Etsi,
1087 721 1151 783 etc.
1192 713 1303 810 Quum

159 811 284 870 terrem
299 810 336 870 et
351 827 452 890 quam
467 807 604 873 tertium
618 811 761 892 partem,
774 808 798 873 J
798 807 869 872 ulia
884 828 956 892 quae
970 805 1040 871 fuit
1055 825 1139 870 uxor
1150 797 1305 867 Eustncri

159 892 198 960 de
235 893 376 972 Dultcn,
406 897 512 974 tenet,
548 915 620 979 quae
649 893 752 959 venit.
812 894 858 958 Et
894 893 1089 961 concordati
1126 891 1209 956 sunt
1244 906 1306 971 per

158 977 342 1060 licentiam,
371 1001 434 1066 pro
462 985 689 1067 paurpertute.
736 981 782 1044 Et
812 985 865 1047 est
898 980 1078 1047 concordis
1106 977 1186 1044 tulis
1216 971 1305 1058 quod

159 1067 321 1151 praedictu
349 1066 444 1133 Juliu
472 1068 670 1153 recognovit
699 1068 861 1152 predicta
897 1069 1094 1134 tenements
1122 1087 1199 1131 cum
1230 1081 1305 1146 per-

159 1151 317 1228 tinentiis
341 1174 413 1221 esse
438 1155 495 1240 jus
519 1154 627 1240 ipsius
650 1155 803 1221 Roberti.
859 1155 906 1219 Et
928 1176 990 1240 pro
1013 1153 1089 1234 hue,
1114 1156 1191 1231 etc,
1215 1149 1305 1213 idem

159 1240 327 1308 Robertus
343 1242 509 1307 concessit
524 1241 633 1306 eidem
647 1242 669 1307 J
670 1241 748 1307 uliae
762 1241 960 1328 praedictsm
975 1245 1101 1306 tenum
1117 1242 1153 1305 et
1167 1237 1305 1302 tertiam

160 1331 293 1412 partem
314 1327 469 1412 praedicti
491 1329 679 1396 tenementi
701 1350 777 1394 cum
796 1328 1025 1415 pertinentiis,
1041 1326 1227 1393 tenendum
1243 1319 1308 1386 sibi

162 1419 195 1480 et
220 1415 400 1480 heredibus
425 1415 506 1493 suis,
534 1415 575 1482 de
600 1416 763 1501 praedicte
785 1416 936 1482 Roberto
962 1421 997 1482 et
1019 1413 1200 1481 heredibus
1224 1408 1305 1488 suis,

161 1501 418 1654 impeerpetuum,
442 1502 612 1604 reddendo
639 1503 718 1568 inde
742 1524 802 1588 per
829 1525 956 1569 annum
981 1502 1030 1587 xij
1042 1503 1088 1567 d'.
1148 1500 1194 1564 Et
1215 1497 1305 1562 idem

161 1589 211 1662 Rc
255 1594 329 1654 rtus
345 1590 608 1670 uerruntrzubu,
625 1592 692 1660 etc.

224 1710 324 1775 Prior
352 1710 394 1777 de
423 1710 618 1775 Extilsham
647 1711 708 1775 dat
736 1710 887 1796 vinginti
922 1709 1047 1775 solidos
1076 1728 1138 1794 pro
1166 1703 1307 1771 licentis

164 1797 389 1863 concordandi
413 1810 488 1863 cum
511 1797 642 1863 Thomu
664 1798 735 1862 filio
752 1798 835 1862 Adue
857 1798 898 1863 de
920 1796 1082 1862 Nesebite
1104 1798 1140 1861 et
1153 1791 1307 1858 Waltero

163 1884 230 1949 filio
244 1884 402 1965 Wutteri,
430 1885 471 1950 de
493 1884 621 1970 placite
647 1885 836 1951 uerruntiae
858 1888 971 1966 certae,
994 1886 1031 1949 et
1051 1881 1201 1949 habeant
1224 1878 1307 1945 ciro·

164 1969 356 2057 gruphum,2
370 1976 435 2037 etc.

225 2092 347 2157 Assius
372 2091 466 2157 venit
495 2092 713 2178 recognitum
741 2091 771 2156 si
796 2091 944 2177 Aylmer'
974 2091 1016 2157 de
1045 2088 1210 2174 Alnewyk
1239 2086 1310 2152 fuit

165 2179 311 2259 scisitus,
335 2178 372 2242 in
401 2179 572 2245 dominico
597 2200 657 2244 suo
683 2183 723 2244 ut
747 2180 788 2244 de
814 2180 926 2259 feodo,
954 2180 995 2244 de
1021 2198 1091 2243 uno
1116 2177 1208 2242 tofto
1232 2196 1309 2241 eum

163 2265 379 2351 pertinentiis
406 2266 443 2330 in
467 2266 641 2352 Alnewyk,
658 2266 712 2331 die
729 2287 805 2350 quo,
822 2269 887 2332 etc.
941 2266 987 2331 Et
1017 2265 1057 2345 si,
1085 2268 1149 2330 etc.
1210 2262 1309 2343 Quod

164 2353 291 2418 toftum
305 2352 427 2432 Alicie,
445 2375 518 2438 quae
539 2353 610 2426 fnit
633 2374 717 2418 uxor
737 2353 864 2437 Regeri
887 2354 929 2418 de
951 2353 1170 2432 Hetehawes,
1193 2352 1308 2430 tenet3

165 2462 235 2524 quae
245 2440 350 2505 venit.
388 2442 434 2506 lit
449 2440 645 2506 concordati
661 2444 742 2505 sunt
756 2461 817 2526 per
830 2440 1004 2506 licentiam
1020 2461 1081 2526 pro
1096 2440 1308 2525 paupertate.

165 2528 209 2592 iit
232 2531 285 2593 est
308 2527 487 2594 concordis
508 2527 593 2594 telis
612 2528 701 2612 quod
723 2526 904 2613 predictus
926 2527 1101 2593 Johsnnes
1122 2526 1254 2591 remisit
1276 2528 1310 2591 et

166 2615 319 2699 quietum
335 2615 493 2680 clamavit
508 2615 549 2680 de
565 2636 602 2680 se
616 2617 653 2680 et
668 2615 848 2681 heredibus
865 2616 946 2695 suis,
962 2615 1132 2700 praedictae
1142 2611 1260 2677 Aliciae
1275 2614 1311 2676 et

167 2701 346 2777 heredibus
369 2703 450 2783 suis,
474 2702 734 2853 imperpetuum.
790 2702 835 2767 Et
861 2722 922 2787 pro
944 2702 1019 2782 hec,
1045 2706 1122 2783 ete,
1148 2700 1311 2786 praediets

167 2789 274 2855 Alitis
290 2789 351 2853 det
366 2788 397 2855 ei
412 2811 469 2855 sex
484 2811 522 2855 so
536 2791 557 2854 '.

227 2909 347 2975 Assisu
376 2909 470 2975 venit
495 2909 713 2995 recognitum
738 2910 766 2975 si
793 2909 904 2975 Alieis
930 2909 971 2977 de
997 2909 1179 2995 Quenton',
1203 2914 1314 2975 meter

167 2996 335 3062 Johsnnis
349 2996 413 3062 filii
431 2997 584 3078 Reberti,
599 2997 671 3062 fuit
693 2995 812 3063 scisitu
833 2996 870 3060 in
890 2996 1062 3062 dominico
1082 3017 1154 3077 suo,
1171 3001 1248 3077 ete,
1271 2998 1312 3062 de

168 3084 297 3153 duabus
319 3083 450 3150 bovutir
472 3088 572 3151 terrae
587 3106 664 3150 cum
678 3084 896 3169 pertinentiis
910 3083 948 3147 in
963 3083 1150 3164 Quenton’³
1165 3084 1220 3149 die
1236 3105 1312 3168 quo,

168 3176 229 3236 etc.
254 3173 255 3177 ’
275 3171 322 3236 ut
337 3171 457 3253 si,.etc.
473 3232 476 3236 ,
503 3172 613 3252 Quam
629 3175 756 3238 terrum
772 3170 946 3237 Gilbertus
958 3172 999 3238 de
1012 3170 1191 3251 Quernton
1206 3174 1313 3252 tenet,

169 3258 224 3342 qui
238 3257 341 3322 venit.
386 3259 433 3324 Et
447 3258 643 3325 concordati
658 3263 741 3323 sunt
754 3279 816 3343 per
830 3257 1014 3323 licentium.
1069 3258 1116 3322 Et
1137 3258 1160 3323 J
1162 3255 1315 3323 ohannes

168 3345 226 3409 dst
240 3344 308 3430 jm’
324 3366 386 3429 pro
396 3345 536 3413 licentis
551 3346 778 3412 concordandi
792 3366 853 3428 per
866 3344 1018 3430 plegium
1032 3345 1140 3430 ipsius
1156 3344 1314 3411 Gilberti.

169 3432 213 3496 ut
227 3431 280 3499 est
295 3433 477 3498 concordie
491 3433 583 3513 tulis,
600 3433 690 3517 quod
704 3433 887 3516 praedictus
903 3431 1078 3497 Gilbertus
1093 3432 1316 3518 recongnovit

168 3518 363 3603 praedictum
378 3517 514 3597 terrum,
528 3541 605 3585 cum
620 3519 850 3605 pertinentiis,
863 3539 937 3584 esse
951 3519 1008 3603 jus
1024 3519 1130 3604 ipsius
1145 3519 1168 3584 J
1169 3519 1315 3584 ohannis

169 3611 203 3671 et
225 3605 321 3670 illem
347 3608 385 3673 ei¹
401 3607 562 3686 reddidit,
589 3609 653 3672 etc.
707 3606 912 3672 Habendum
937 3611 973 3670 et
995 3606 1183 3671 tenendum
1207 3607 1316 3673 eidem

169 3692 320 3759 iohanni
336 3697 371 3760 et
386 3693 566 3758 heredibus
589 3695 660 3758 suis
676 3693 717 3757 de
732 3693 893 3777 praedicto
912 3692 1065 3758 Gilberto
1081 3696 1116 3759 et
1136 3693 1317 3761 heredibus

170 3779 248 3860 suis,
264 3801 326 3866 per
340 3781 513 3846 servitium
531 3782 620 3865 quod
635 3780 679 3845 ud
694 3779 889 3864 preedictsm
904 3785 1032 3845 terrum
1046 3781 1207 3865 pertinet,
1224 3785 1288 3847 etc.

236 3909 404 3976 Henricus
421 3909 463 3975 de
478 3910 675 3990 Neketon',⁴
689 3907 748 3993 qui
763 3907 846 3974 tulit
861 3911 1002 3975 assisam
1022 3931 1117 3976 novae
1132 3909 1320 3978 disseisinae

171 4018 286 4065 versus
296 3996 506 4062 Willelmum
522 3995 930 4076 decolevil’,R0be1tum
946 3998 988 4063 de
1003 3997 1167 4064 0hfford⁵
1183 4003 1219 4064 et
1233 3999 1319 4066 alios

205 4135 213 4168 ¹
231 4135 350 4188 Milburn
361 4137 389 4188 in
401 4136 545 4189 Pontelrnd
557 4135 657 4188 Perirb.
772 4137 839 4187 niter
856 4137 901 4188 the
918 4137 994 4188 death
1011 4137 1039 4188 oi
1055 4137 1169 4190 Richsrd
1180 4138 1204 4190 is
1215 4138 1281 4191 Poor
1292 4139 1321 4191 in

202 4200 276 4255 'See
310 4204 351 4269 Ap
384 4200 455 4266 mlix,
489 4204 550 4254 reu
582 4206 614 4269 of
638 4204 743 4266 rems,
774 4205 846 4258 12³7.
882 4204 975 4255 Sheriff
986 4204 1013 4254 oi
1023 4204 1196 4256 Cumbsrlnnd
1207 4205 1234 4256 in
1247 4210 1320 4258 1241.

172 4272 329 4330 Norttumb„
373 4271 617 4334 en.lII.,No.122.
773 4270 888 4321 Wiliium
916 4272 948 4322 de
975 4271 1095 4322 Neieton
1118 4272 1157 4323 his
1180 4290 1199 4323 r.
1223 4273 1274 4324 and
1296 4273 1322 4325 b.

206 4334 351 4402 'Possibly
386 4336 491 4390 Kenton
530 4338 559 4388 in
599 4337 723 4390 Gestorth
776 4339 844 4400 (Gal.
859 4339 930 4399 Gen,
941 4337 959 4390 i.
972 4338 1042 4399 104).

173 4402 280 4456 rursu
781 4436 782 4439 =
807 4402 935 4457 'Rubert
951 4402 983 4456 de
1001 4403 1116 4469 clyfford
1132 4404 1227 4458 heirto
1239 4404 1324 4473 Rtlph

208 4469 218 4499 ⁴
235 4469 339 4536 chpcr
360 4469 388 4521 oi
406 4470 541 4537 Bishcpric
560 4470 587 4522 oi
605 4470 725 4523 Durum
774 4470 806 4522 de
817 4470 910 4537 chgy
925 4471 1015 4532 (Iter,
1026 4471 1044 4523 i.
1056 4474 1126 4536 288).
