2956 4988
298 453 535 515 6661666666,
559 455 896 516 66666666666666,
922 433 941 500 7
964 455 1052 502 666.
1076 455 1101 502 1.
1217 435 1282 500 229

124 605 357 762 Iddepiplrpbepp
372 608 543 676 seisinam.
589 609 636 675 116
656 609 827 675 Robertus
845 609 883 674 in
897 608 972 677 mis'
988 609 1069 695 quia
1090 608 1185 696 prius
1208 630 1279 676 non

126 714 163 759 re
278 716 320 776 ,e
359 744 367 762 .

187 849 354 915 Ricardus
378 849 410 917 16
425 851 649 936 Ohaumpyon
674 854 710 916 et
732 851 915 937 Margeria,
938 873 1024 917 uxor
1044 853 1130 936 ejus,
1152 853 1277 936 petunt

124 952 241 1002 versus
267 937 422 1019 Aliciam,
450 960 523 1023 quoe
547 939 617 1004 fuit
642 961 725 1004 uxor
753 940 949 1024 Sampsonis
974 939 1015 1003 de
1045 937 1276 1024 Ooupelaund,

124 1020 265 1088 tertiam
293 1029 424 1110 partem
454 1027 564 1091 tertiae
593 1028 701 1112 partis
728 1027 828 1092 unius
857 1025 1042 1092 molendini
1068 1046 1145 1091 cum
1173 1025 1277 1111 perti-

125 1111 253 1177 nentiis
284 1111 320 1175 in
351 1112 582 1198 Coupelaund,
606 1114 643 1178 in
673 1135 773 1199 quarn
799 1114 915 1181 eadem
938 1112 1050 1178 Alicia
1076 1133 1146 1177 non
1173 1113 1278 1178 habet

125 1196 317 1283 ingressum
341 1200 409 1264 nisi
431 1222 491 1286 per
512 1197 709 1286 pradictum
736 1202 966 1286 Sampsonem,
983 1199 1154 1286 quondam
1169 1199 1278 1265 virum

123 1282 232 1370 ipsius
255 1285 382 1368 Aliciae,
413 1289 471 1372 qui
504 1289 584 1354 inde
613 1288 751 1373 injuste,
782 1294 858 1370 666.,
885 1286 1069 1354 disseisivit
1097 1287 1278 1373 praedictos

124 1371 310 1438 Ricardum
322 1378 358 1440 et
372 1376 589 1460 Margeriam,
604 1380 683 1462 post
697 1377 853 1461 primam,
870 1380 935 1442 etc.
1170 1411 1172 1415 >

190 1460 236 1524 116
263 1461 425 1545 praedicta
447 1462 559 1527 Alicio
584 1463 678 1529 venit
707 1467 743 1528 et
768 1468 866 1528 vocat
894 1463 974 1527 inde
1001 1461 1044 1527 ad
1070 1465 1278 1528 warrantum

126 1546 249 1612 David'
265 1549 306 1614 de
327 1549 557 1636 Coupclaund,
574 1551 631 1634 qui
657 1572 804 1636 praesens
824 1554 887 1630 est,
903 1554 939 1617 et
962 1549 994 1615 ei
1009 1550 1228 1616 warrantizat
1243 1553 1279 1617 66

126 1634 282 1700 defendit
310 1636 489 1722 jussuum
516 1638 661 1722 quando,
687 1641 751 1703 etc.
796 1637 842 1700 Et
871 1638 956 1703 bene
986 1637 1162 1721 cognoscit
1188 1637 1278 1722 quod

125 1723 288 1806 praedicta
315 1723 426 1789 Alicia
462 1725 566 1789 habet
603 1725 795 1810 ingressum
831 1725 868 1788 in
905 1723 1102 1809 praedictam
1138 1724 1278 1789 tertiam

125 1814 257 1893 partem
280 1812 434 1895 praedicti
458 1812 643 1878 molendini
666 1832 727 1897 per
748 1811 949 1897 pradictum
974 1812 1206 1896 Sampsonem,
1226 1815 1279 1877 666

124 1897 209 1963 bene
233 1898 388 1964 defendit
404 1901 491 1984 quod
514 1899 695 1983 praedictus
712 1899 878 1984 Sampson
899 1920 969 1964 non
985 1898 1169 1963 disseisivit
1193 1921 1277 1984 prae-

126 1982 235 2050 dictos
265 1985 450 2050 Ricardum
477 1991 512 2051 et
542 1987 748 2072 Margeriam
778 1987 819 2052 de
848 1986 1011 2071 praedicta
1035 1985 1138 2052 tertia
1167 1989 1277 2071 parte,

124 2070 266 2156 injuste,
283 2078 346 2138 etc.
379 2075 424 2138 Et
440 2075 480 2139 de
495 2074 559 2138 hoc
574 2075 673 2160 ponit
689 2095 724 2138 se
740 2095 842 2159 super
856 2073 1014 2159 patriam.
1048 2073 1094 2137 Et
1109 2072 1277 2139 Ricardus

124 2163 161 2225 et
175 2160 346 2245 Margeria
362 2161 528 2226 similiter.
575 2161 657 2227 Ideo
672 2162 735 2225 fiat
749 2161 829 2227 inde
840 2163 967 2246 jurata.

192 2246 315 2312 Postea
327 2248 480 2333 praedicti
496 2248 662 2313 Ricardus
675 2252 710 2314 et
725 2248 899 2333 Margeria
913 2269 983 2313 non
999 2251 1080 2312 6666
1094 2248 1277 2332 prosecuti.

127 2332 209 2399 Ideo
229 2335 392 2420 praedicta
407 2335 517 2400 Alicia
541 2336 619 2400 inde
635 2336 707 2402 sine
732 2335 798 2415 die,
815 2339 849 2400 66
872 2334 1026 2420 praedicti
1052 2334 1219 2400 Ricardus
1242 2338 1278 2400 et

126 2421 298 2506 Mar-geria
313 2427 348 2487 et
370 2423 475 2508 plegii
491 2423 543 2486 sui
559 2423 600 2487 de
622 2423 855 2507 prosequendo
870 2423 907 2486 in
922 2422 1009 2500 mis’,
1026 2421 1167 2503 scilicet,
1184 2423 1278 2488 Hen-

125 2507 215 2660 {dedus
238 2509 353 2574 Barun
375 2510 416 2575 de
442 2510 673 2594 Ooupelaund'
689 2514 725 2574 et
749 2509 941 2575 Willelmus
964 2508 1055 2574 filius
1079 2509 1220 2575 Roberti
1235 2511 1278 2575 de

190 2617 254 2677 ern,
270 2601 334 2662 etc.

190 2754 363 2820 Johannes
388 2755 429 2818 (16
444 2753 666 2840 Wessington
684 2756 720 2818 66
744 2753 894 2838 Angues,
910 2772 995 2817 uxor
1019 2752 1103 2852 ejus,
1120 2750 1276 2834 Matillis,

125 2861 219 2906 soror
248 2841 400 2927 ejusdem
430 2842 612 2926 Angnetis,
639 2842 790 2926 Angnes,
818 2840 890 2904 filia
917 2840 1045 2923 Rogen
1075 2839 1213 2920 Modok,
1241 2843 1277 2904 66

124 2928 263 3009 Idonea,
289 2951 383 2994 soror
406 2930 556 3013 ejusdem
579 2928 760 3013 Angnetis,
777 2927 835 3011 qui
857 2927 1011 2991 tulerunt
1037 2926 1136 2991 breve
1162 2927 1276 2992 assisa

124 3016 244 3080 mortis
260 3016 483 3081 antecessoris
498 3036 614 3080 versus
637 3015 851 3094 Matillidem‚
868 3034 942 3098 quae
957 3014 1027 3077 fuit
1042 3033 1128 3078 uror
1150 3014 1276 3099 Rogeri

124 3102 256 3183 Modoc‚
273 3125 342 3167 non
358 3108 439 3167 sunt
454 3102 634 3187 prosecuti.
679 3102 762 3166 Ideo
778 3101 844 3186 ipsi
860 3105 895 3165 et
917 3099 1023 3186 plegii
1039 3100 1148 3165 auide
1163 3121 1277 3185 prose-

124 3189 258 3273 quendo
278 3191 315 3253 in
330 3190 417 3269 mis’,
434 3189 574 3269 scilicet,
589 3189 766 3255 Galfridus
785 3190 826 3253 (16
842 3187 1017 3253 Oatesfeld
1032 3191 1067 3255 66
1083 3187 1275 3255 Willelmus

124 3275 155 3341 le
171 3276 351 3357 Chaloner,
367 3281 431 3343 etc.

188 3416 318 3495 116666,
335 3436 408 3499 quae
434 3415 504 3480 fuit
523 3435 607 3479 uror
632 3411 801 3479 Johannis
828 3411 950 3477 Clerici
970 3413 1012 3478 de
1036 3412 1133 3478 Novo
1154 3412 1275 3479 Castro

52 3514 59 3528 ·
124 3522 225 3587 super
249 3502 389 3588 Tyriam,
416 3503 504 3588 petit
529 3522 643 3567 versus
668 3500 856 3564 Robertum
887 3499 994 3563 filiurn
1025 3499 1108 3564 11116
1136 3500 1274 3565 tertiam

122 3592 254 3673 partem
270 3589 370 3654 unius
386 3588 570 3674 messuagii
592 3592 628 3654 et
642 3587 768 3672 viginti
783 3593 819 3653 et
834 3607 893 3652 sex
908 3608 1063 3652 acrarum
1085 3590 1183 3652 terrae
1198 3609 1275 3654 cum

122 3676 340 3761 pertinentiis
377 3676 413 3740 in
455 3675 724 3760 Thokerington‚
763 3678 798 3741 et
835 3695 950 3739 versus
988 3673 1196 3738 Willelmum
1233 3675 1275 3743 de

122 3763 379 3850 Thokerington
408 3763 548 3829 tertiam
576 3767 710 3848 partem
740 3760 841 3826 unius
871 3761 1066 3846 messuagii,
1096 3761 1275 3828 duodecim

123 3872 277 3915 acrarum
292 3855 390 3915 terra
400 3854 435 3918 et
451 3871 507 3915 sex
520 3871 674 3916 acrarum
684 3847 776 3934 prati
788 3869 865 3913 cum
879 3847 1096 3933 pertinentiis
1112 3847 1148 3912 in
1158 3850 1274 3915 eadem

123 3937 214 4016 villa,
238 3941 273 4003 et
299 3959 413 4002 versus
443 3938 633 4004 Johannem
661 3937 702 4001 de
729 3935 949 4002 Swineburne
974 3935 1114 4000 tertiam
1143 3939 1274 4022 partem
1343 3992 1346 3997 .

122 4025 224 4091 unius
240 4026 334 4105 tosti,
350 4030 496 4109 quatuor
511 4046 666 4089 acrarum
681 4026 790 4103 terrae,
807 4029 842 4089 et
858 4023 960 4087 unius
983 4043 1069 4088 aorae
1091 4023 1182 4108 prati
1197 4045 1274 4088 cum

121 4113 338 4197 pertinentiis
353 4114 390 4176 in
400 4113 517 4178 eadem
531 4112 623 4191 villa,
639 4115 680 4176 ut
695 4112 810 4175 dotem
825 4132 933 4189 suam,
949 4113 1014 4174 etc.
1059 4111 1106 4174 116
1120 4110 1274 4195 praedicti

122 4202 301 4281 Robertus,
320 4200 521 4280 Willelmus,
537 4202 572 4262 et
596 4198 770 4264 Johannes
795 4199 949 4277 veniunt,
965 4200 1001 4264 et
1025 4196 1218 4263 Willelmus
1238 4202 1273 4264 et

120 4288 305 4370 Johannes‚
322 4289 363 4353 de
390 4285 594 4353 tenementis
610 4306 726 4350 versus
753 4305 809 4351 eos
836 4284 966 4370 petitis,
983 4290 1106 4350 vocant
1121 4285 1164 4349 ad
1188 4306 1274 4350 war-

120 4380 258 4440 rantum
273 4375 469 4461 prsedictum
486 4374 684 4454 Robertum,
701 4372 760 4457 qui
782 4393 929 4456 praesens
945 4375 1048 4436 estet
1063 4371 1112 4436 cis
1130 4393 1275 4436 naman-

119 4462 217 4545 61666,
255 4468 291 4529 66
324 4483 385 4549 per
421 4462 597 4529 licentiam
632 4461 748 4526 reddit
784 4459 894 4525 eidem
931 4459 1060 4524 116666
1096 4458 1274 4545 pradictus
