2956 4988
328 461 443 507 essm
465 462 562 523 noun,
585 461 921 521 noarnunanamun,
947 438 965 504 7
988 460 1075 506 now.
1098 460 1124 506 1.
1237 440 1299 506 26⁷

157 614 200 678 ad
216 615 306 682 hunc
321 616 411 682 diem
427 617 470 681 ad
486 616 773 683 warantizandum
799 617 830 682 ei
855 613 990 681 tertiam
1006 617 1137 699 partem
1153 614 1301 699 quinque

157 722 309 767 acrarum
327 709 424 769 terrae
438 707 473 769 et
488 704 589 769 unius
611 704 700 769 rodae
721 726 794 769 cum
818 702 1035 787 pertinentiis
1056 702 1092 765 in
1119 702 1301 783 Birshavve,

159 809 259 871 quam
275 790 464 855 Willelmus
481 790 611 857 Scarlet
626 795 661 857 et
675 791 757 870 Eva,
774 811 859 854 uxor
873 791 955 874 ejus,
971 789 1121 853 clamant
1136 788 1172 852 in
1188 791 1301 856 dotem

157 873 264 960 ipsius
280 877 357 943 Evae
373 899 488 943 versus
504 899 591 942 eum.
636 879 682 942 m
697 879 786 943 unde
802 878 890 941 idem
913 876 936 940 J
937 877 1083 941 ordanus
1098 885 1197 941 vocat
1219 898 1302 961 prae-

159 961 288 1028 dictum
314 965 500 1030 Robertum
526 965 569 1029 ad
589 969 792 1029 warrantum
817 985 932 1030 versus
957 984 1024 1028 eos.
1072 964 1116 1027 ut
1139 963 1211 1048 ipse
1233 985 1303 1030 non

160 1050 263 1131 venit,
279 1055 342 1117 ete.
388 1053 434 1116 Et
448 1051 532 1116 alias
548 1052 632 1118 fecit
647 1051 821 1131 defaltam,
838 1051 888 1114 ita
903 1050 991 1134 quod
1014 1055 1217 1136 praeoeptum
1233 1051 1304 1116 fuit

159 1137 348 1202 vicecomiti
364 1138 453 1222 quod
468 1145 602 1224 caperet
617 1139 658 1203 de
673 1142 765 1202 terra
780 1137 932 1222 praedicti
957 1137 1098 1202 Roberti
1113 1137 1149 1200 in
1166 1159 1303 1203 inanum

160 1224 290 1288 domini
314 1225 418 1308 Regis
445 1226 488 1289 ad
512 1225 707 1305 valentiam,
730 1229 766 1290 et
791 1224 880 1309 quod
905 1224 1005 1303 diem,
1036 1229 1113 1304 ete,
1147 1228 1181 1288 et
1212 1225 1302 1308 quod

159 1311 383 1377 summoniret
398 1331 474 1375 eum
490 1312 579 1395 quod
595 1317 684 1377 esset
700 1313 755 1377 hic
769 1313 813 1376 ad
828 1312 919 1377 hunc
928 1312 1028 1375 diem.
1060 1312 1106 1375 Et
1122 1310 1304 1377 vicecomes

162 1397 249 1460 nihil
264 1397 341 1463 inde
357 1397 441 1463 fecit
455 1420 517 1463 nec
533 1400 629 1465 breve
644 1399 749 1463 misit.
789 1398 871 1463 Ideo
887 1398 975 1463 sicut
989 1400 1084 1482 prius
1099 1405 1304 1483 praeceptum

160 1484 230 1548 fuit
260 1485 450 1551 vicecomiti
480 1487 569 1570 quod
594 1487 706 1571 capiat
740 1487 781 1551 de
811 1489 903 1551 terra
924 1483 1076 1569 praedicti
1102 1485 1244 1549 Roberti
1267 1486 1304 1549 in

162 1593 300 1635 manum
324 1572 453 1636 domini
474 1573 578 1657 Regis
602 1573 646 1636 ad
672 1572 865 1652 valentiam,
887 1575 962 1651 etc,
986 1575 1022 1637 et
1045 1571 1145 1651 diem,
1171 1574 1245 1652 eta,
1269 1576 1305 1638 et

162 1658 233 1743 ipse
250 1659 497 1724 summoniatur
522 1660 611 1743 quod
636 1660 682 1723 sit
706 1660 797 1744 apud
812 1658 1000 1744 Appelbya
1028 1658 1082 1722 die
1109 1659 1247 1724 Paschae
1269 1659 1303 1723 in

161 1765 266 1809 unum
283 1767 443 1811 mensem.
478 1747 524 1810 ut
540 1748 721 1812 vicecomes
737 1747 783 1811 sit
797 1745 1002 1810 audiendum
1018 1745 1182 1829 judicium
1196 1767 1304 1812 suum.

162 1831 258 1896 Idem
274 1833 346 1897 dies
360 1834 461 1898 datus
477 1839 529 1898 est
544 1834 713 1919 praedictis
731 1832 900 1900 Willelmo
915 1837 950 1898 et
976 1832 1064 1909 Evae,
1080 1854 1141 1916 per
1155 1837 1306 1898 attorna

162 1922 236 1982 tum
252 1941 351 1983 suum
366 1921 402 1983 in
417 1920 542 2000 Ranae,
559 1925 621 1987 etc.

228 2054 540 2123 (lumbri-Frater
568 2057 742 2122 Johanues
779 2057 819 2120 de
850 2056 1043 2142 Pykeriug’,
1076 2057 1242 2121 Robcrtus
1275 2056 1308 2121 le

164 2141 360 2222 Brewester,
376 2144 497 2208 Petrus
514 2144 706 2227 Wydefare‚
723 2148 757 2207 et
773 2143 946 2209 Gilbertus
968 2142 1000 2207 le
1022 2143 1097 2228 Irys
1112 2144 1309 2227 optulerunt

164 2250 199 2293 se
228 2228 305 2314 iiij¹⁰
331 2230 386 2294 die
412 2252 526 2295 versus
551 2229 768 2314 Radulphum
798 2231 839 2295 de
869 2229 1015 2295 Bothum
1046 2235 1081 2294 et
1111 2231 1308 2311 Robertum,

163 2317 304 2382 fratrem
320 2318 403 2401 ejus,
420 2318 528 2382 Adam
543 2317 584 2383 de
597 2317 739 2401 Cornay,
751 2316 859 2380 Adam
877 2317 918 2380 dc
933 2316 1113 2403 Curteney,
1126 2318 1309 2383 Ricardum

165 2402 358 2483 Birkerche‚
371 2405 558 2469 Robertum
568 2404 777 2481 Maderman,
788 2403 980 2487 Hugonem‚
994 2426 1154 2488 generum
1166 2404 1310 2469 Walteri

166 2489 228 2553 filii
243 2490 369 2572 Ivonis,
386 2496 421 2557 et
438 2493 605 2576 Rogerum
622 2490 797 2555 Bukeman
822 2491 863 2554 de
886 2490 1012 2574 placito
1035 2513 1138 2575 quare
1154 2514 1261 2577 nuper
1276 2491 1310 2556 vi

166 2582 202 2641 et
237 2578 339 2642 armis
369 2579 459 2663 apud
496 2578 675 2643 Rucholm'
705 2578 870 2642 insultum
908 2577 942 2640 in
980 2577 1070 2662 ipsos
1107 2578 1310 2658 Johannem,

166 2664 362 2745 Robertum,
379 2665 530 2744 Petrum,
546 2669 582 2729 et
608 2665 798 2731 Gilbertum
821 2665 977 2730 fecerunt
992 2670 1026 2729 et
1046 2686 1103 2729 eos
1119 2667 1311 2730 verberave-

167 2755 258 2829 runt,
275 2752 534 2817 vulneraverunt
550 2758 585 2816 et
609 2751 931 2817 maletractaverunt
954 2755 989 2815 et
1011 2751 1079 2816 alia
1094 2754 1244 2817 enormia
1261 2753 1309 2817 eis

167 2837 293 2902 ibidem
323 2838 522 2918 intulerunt,
549 2840 592 2903 ad
618 2861 718 2924 grave
744 2839 928 2923 dampnum
957 2838 1105 2923 ipsorum
1130 2839 1153 2903 J
1155 2839 1311 2920 ohannis,

168 2925 320 3004 Roberti,
345 2925 450 3005 Petri,
473 2930 509 2990 et
529 2925 686 3005 Gilberti,
710 2932 746 2992 et
768 2932 886 2990 contra
912 2946 1039 3010 pacem,
1066 2930 1129 2992 etc.
1175 2927 1219 2990 ut
1246 2927 1311 3012 ipsi

168 3032 236 3075 non
261 3012 410 3077 veniunt.
456 3015 501 3076 Et
527 3016 727 3098 praeccptum
753 3014 824 3077 fuit
846 3012 1036 3077 vicecomiti
1059 3013 1148 3097 quod
1175 3013 1312 3077 distrin-

170 3102 265 3181 geret
288 3099 464 3184 praedictos
483 3099 689 3165 Willelmum
713 3099 821 3163 filium
846 3099 1018 3184 Rndulphi
1043 3100 1084 3164 de
1109 3100 1254 3166 Bethum
1277 3106 1313 3166 et

170 3184 367 3264 liebertum,
405 3187 546 3250 fratrem
583 3188 666 3271 ejus,
698 3192 774 3265 etc,
804 3190 839 3250 et
868 3187 958 3271 quod
985 3187 1026 3252 de
1056 3187 1213 3268 exitibus,
1236 3193 1312 3268 cte,

171 3271 203 3337 ei
237 3273 325 3356 quod
366 3273 505 3338 haberet
543 3294 682 3358 corpora
718 3293 833 3338 eorum
869 3273 924 3337 hic
953 3273 997 3337 ad
1027 3273 1116 3338 hunc
1147 3274 1246 3354 diem,
1278 3280 1314 3340 et

171 3359 329 3423 similiter
363 3361 451 3443 quod
489 3365 624 3445 caperet
654 3360 830 3445 praedictos
865 3361 985 3440 Adam,
1020 3360 1214 3442 Ricardum,
1244 3362 1312 3426 Ro-

171 3446 304 3509 bertum
343 3446 552 3527 Maderman,
592 3447 785 3531 Hugonem‚
821 3446 1022 3526 Walterum,
1060 3453 1095 3514 et
1132 3448 1314 3532 Rogerum,

172 3536 247 3611 etc„
272 3532 301 3596 si
333 3532 474 3612 inventi,
506 3538 583 3609 etc„
614 3536 649 3597 et
675 3533 778 3632 salvo,
805 3536 880 3612 etc,
906 3539 941 3597 et
966 3536 1055 3617 quod
1082 3535 1222 3600 haberet
1244 3556 1314 3600 cor·

171 3639 267 3771 iia
281 3639 396 3771 eoiiii
411 3620 1317 3792 ittititianisttsstffttdtttt?

173 3792 306 3876 tringat
320 3793 518 3878 pradictum
530 3793 781 3860 Willelmumet
791 3794 977 3858 Robertum
992 3816 1052 3878 per
1066 3816 1181 3860 omnes
1196 3800 1316 3876 terras,

174 3883 251 3958 eta,
267 3881 406 3964 siquod
422 3882 463 3944 de
478 3879 635 3960 exitibus,
652 3886 727 3960 etc,
744 3884 779 3944 et
794 3881 881 3963 quod
908 3881 1033 3946 habeat
1048 3903 1187 3966 corpora
1202 3904 1316 3948 eorum

175 3967 264 4049 apud
280 3968 434 4052 Appelby
450 3968 486 4031 in
502 3966 677 4033 Comitatu
692 3967 983 4032 Westmerlandiae
1006 3991 1027 4032 a
1048 3969 1102 4033 die
1127 3969 1265 4035 Paschae
1280 3969 1316 4033 in

175 4074 280 4116 unum
296 4075 456 4135 mensem,
473 4059 509 4120 et
534 4054 691 4118 similiter
714 4054 804 4138 quod
828 4055 940 4138 capiat
966 4055 1142 4138 predictos
1158 4056 1267 4121 Adam
1283 4061 1318 4120 et

175 4140 270 4220 alios,
287 4141 316 4205 si
336 4141 477 4222 inventi,
493 4148 567 4220 etc,
583 4147 619 4206 et
644 4141 747 4221 salvo,
763 4146 839 4221 ete,
856 4144 891 4205 et
916 4142 1006 4224 quod
1030 4143 1154 4207 habeut
1181 4164 1320 4228 corpora

176 4247 290 4291 eorum
315 4228 357 4292 ad
372 4229 553 4314 praefatum
567 4227 761 4293 terminum.
795 4229 841 4292 Et
856 4227 1038 4294 vicecomes
1054 4229 1099 4293 sit
1113 4229 1318 4295 audiendum

175 4313 352 4398 judicium,
368 4318 432 4382 etc.

241 4434 353 4514 Ebor',
368 4434 736 4504 Oumb'.-·Willeimus
763 4435 804 4503 de
827 4434 1019 4503 Ohaumbre
1043 4435 1085 4502 de
1110 4435 1321 4504 Hedersford
