2956 4988
302 469 416 519 sssrzr
438 470 537 532 sons,
560 469 899 529 uorrnunnauirn,
923 449 966 514 dt)
989 468 1072 513 nnn.
1096 467 1151 512 111.
1263 446 1302 510 11

222 622 321 691 Idem
349 623 534 705 Gilbertus,
573 623 631 709 qui
677 623 761 690 tulit
796 624 896 690 breve
944 643 1060 688 versus
1105 619 1305 707 pradictum

158 710 351 776 ‚Iohannem
377 712 419 777 de
449 712 631 778 medietate
670 711 896 796 quadraginta
936 731 1090 775 acrarum
1123 712 1222 773 terrae
1270 710 1306 771 et

160 803 304 881 quatuor
328 820 481 864 acrarum
505 798 597 884 prati
623 796 941 884 compertinentiis
965 797 1002 860 in
1028 796 1195 876 Milden’,¹
1211 794 1306 860 venit

160 888 194 948 et
207 884 355 950 retraxit
380 906 425 950 se.
471 885 554 952 Ideo
578 885 650 970 ipse
674 889 710 950 et
734 884 840 971 plegii
865 885 918 950 sui
942 885 984 950 de
1010 883 1243 969 prosequendo
1268 881 1306 945 in

160 970 245 1053 mis’,
261 972 402 1054 scilicet,
418 973 589 1038 Robertus
604 973 636 1040 le
651 973 803 1039 Chauser
818 977 853 1038 et
867 971 1054 1037 Edwardus
1071 971 1111 1036 de
1127 968 1305 1056 Treppell'.

222 1108 284 1175 Iro
300 1109 389 1175 filius
404 1110 588 1194 Rudulphi,
612 1109 669 1194 qui
694 1109 777 1174 tulit
800 1110 900 1175 breve
925 1109 1039 1175 assisa
1065 1108 1185 1174 mortis
1209 1111 1306 1172 ante-

161 1196 301 1263 cessoris
315 1219 430 1264 versus
444 1199 468 1264 J
469 1198 638 1264 ohannem
655 1196 761 1261 filium
777 1196 943 1262 Willelmi
958 1197 1000 1261 de
1015 1218 1086 1261 una
1105 1197 1188 1260 roda
1207 1199 1306 1260 terrae

161 1304 242 1436 tt
270 1289 361 1456 dd
361 1289 557 1458 titt?
571 1284 1036 1456 .t⁰‘11⁹.¹‘¹{.t¹t{t.it¹3¹t5
1037 1286 1306 1450 imiiirttiiit

161 1457 329 1523 Robertus
373 1459 445 1524 Tod
494 1460 535 1524 de
580 1456 846 1543 Newebigginge
894 1461 930 1524 et
975 1457 1169 1523 Willelmus
1212 1456 1304 1520 filius

160 1544 359 1631 Rannulphi
396 1547 437 1613 de
475 1547 601 1611 eadem.
657 1545 768 1630 Plegii
805 1545 921 1610 Ivonis
959 1545 1000 1612 de
1037 1545 1126 1624 mis’,
1162 1543 1303 1624 scilicet,

160 1630 334 1734 Johannes
349 1633 440 1698 filius
455 1633 564 1700 Maus
579 1639 614 1698 et
628 1632 822 1698 Willelmus
845 1631 936 1696 filius
959 1632 1102 1697 Roberti
1124 1633 1165 1697 de
1187 1633 1304 1698 Neue·

160 1717 332 1806 brggrnge.

222 1846 344 1911 Assisa
380 1846 475 1911 venit
510 1845 729 1930 recognitura
767 1845 796 1910 si
833 1844 1007 1911 Oristiana
1043 1845 1114 1910 filia
1139 1845 1233 1931 Elyae
1263 1847 1305 1912 de

160 1933 298 2018 Hetpol'
314 1937 422 1998 mater
437 1931 602 1998 Willelmi
616 1933 808 1998 Cuminans
830 1933 902 1997 fuit
924 1932 1052 2015 semita,
1075 1932 1112 1996 in
1136 1932 1305 1999 dominico

161 2041 220 2086 suo
235 2024 277 2085 ut
292 2021 333 2087 de
348 2021 459 2101 feodo,
476 2021 517 2085 de
530 2019 706 2085 duodecim
729 2021 817 2085 acris
839 2026 939 2086 terrae
962 2024 998 2085 et
1019 2042 1090 2086 una
1113 2041 1192 2086 acra
1212 2020 1303 2105 prati

161 2128 236 2172 cum
251 2107 468 2192 pertinentiis
483 2107 520 2170 in
534 2107 701 2191 Hetpol',³
716 2108 770 2172 die
796 2128 860 2193 quo
883 2106 979 2188 obiit,
996 2113 1060 2174 etc.
1105 2108 1153 2172 nt
1175 2109 1215 2188 si,
1239 2113 1304 2173 etc.

162 2194 242 2275 Quae
256 2194 428 2261 Patricius
444 2195 485 2260 de
501 2195 636 2259 Lonnes
654 2200 689 2260 et
712 2196 828 2280 Agnes
851 2216 938 2259 uxor
961 2193 1038 2278 ejus
1063 2197 1193 2261 tenent.
1239 2194 1306 2274 Qui

161 2281 303 2346 veniunt
329 2286 364 2348 et
400 2285 523 2347 vocant
558 2280 638 2347 iude
677 2282 720 2347 ad
749 2286 938 2348 warantum
977 2282 1167 2347 Robertum
1198 2282 1305 2346 filium

161 2368 296 2434 rhome
312 2370 352 2436 de
368 2368 517 2453 Hetpol',
531 2367 589 2452 qui
604 2390 751 2453 praesens
766 2373 820 2434 est
835 2374 871 2434 et
886 2369 933 2434 eis
949 2369 1161 2449 aromatizat,
1171 2375 1207 2435 et
1222 2370 1307 2436 dicit

161 2457 248 2539 quod
263 2456 370 2522 assisa
393 2455 472 2522 inde
494 2476 564 2521 non
586 2455 687 2522 debet
709 2456 796 2535 fieri,
812 2455 892 2541 quia
918 2455 1002 2522 dicit
1032 2458 1121 2540 quod
1142 2457 1306 2540 praedicta

162 2541 343 2624 cristiana,
374 2543 415 2607 de
444 2544 539 2628 cujus
565 2545 675 2607 morte
702 2544 809 2608 assisa
831 2543 1006 2607 arrainata
1029 2546 1093 2623 est,
1124 2565 1193 2608 non
1220 2544 1305 2608 obiit

162 2630 275 2697 seisita
302 2631 343 2697 de
369 2629 540 2715 praedictis
566 2632 660 2694 terra
684 2634 720 2694 et
742 2634 841 2715 prato
865 2630 901 2694 in
927 2630 1096 2696 dominico
1123 2651 1185 2695 suo
1208 2635 1249 2695 nt
1264 2632 1306 2696 de

160 2717 272 2782 feodo.
318 2717 428 2782 Immo
454 2717 540 2782 dicit
563 2717 653 2800 quod
676 2716 751 2803 ipsa
775 2717 890 2782 tenuit
914 2717 1111 2802 pradictum
1128 2723 1256 2782 terram
1271 2721 1307 2782 et

160 2808 297 2888 pratum
334 2826 374 2869 ex
414 2804 611 2870 dimissione
649 2805 825 2888 cujusdam
865 2805 1002 2870 Thomae
1040 2804 1161 2869 fratris
1198 2805 1305 2889 ipsius

163 2889 340 2957 Oristianse
371 2892 415 2956 ad
443 2891 629 2956 terminum
654 2890 733 2956 vitae
754 2891 862 2976 ipsius
888 2891 1068 2957 Oristianae
1094 2895 1244 2972 tantum,
1272 2896 1308 2957 et

162 2978 251 3063 quod
265 2977 317 3044 ita
332 2978 378 3044 sit
392 2978 492 3062 ponit
508 2999 543 3043 se
560 2997 661 3062 super
676 2977 828 3043 assisam.

224 3065 248 3130 J
248 3069 404 3131 aratores
416 3065 536 3131 dicunt
552 3064 641 3150 quod
656 3064 820 3150 praedicta
834 3063 1007 3131 Cristiana
1023 3065 1110 3130 obiit
1125 3065 1254 3147 semita,
1271 3068 1305 3130 iu

163 3152 331 3220 dominico
354 3172 415 3219 suo
437 3156 477 3217 ut
499 3153 540 3219 de
565 3152 678 3233 feodo,
702 3152 744 3217 de
766 3153 927 3238 praedicto
948 3156 1144 3219 tenemento
1174 3158 1309 3239 etpost

163 3240 356 3321 terminum,
379 3242 443 3306 etc.
489 3240 535 3304 Et
558 3239 647 3322 quod
669 3239 850 3324 praedictus
872 3239 1065 3305 Willelmus
1088 3241 1309 3325 propinquior

163 3325 259 3392 heres
283 3330 346 3409 est,
369 3331 434 3393 etc.
478 3325 625 3392 ntideo
655 3326 905 3392 consideratum
927 3331 980 3392 est
1002 3328 1092 3410 quod
1126 3328 1309 3412 praedictus
1439 3331 1440 3334 ’

164 3413 355 3482 Willelmus
392 3418 570 3500 recuperet
616 3412 775 3479 saisinam
822 3411 918 3478 suam
956 3435 1071 3479 versus
1108 3416 1309 3499 pradictum

164 3500 350 3566 Robertum
366 3501 407 3568 de
429 3501 590 3586 proedicto
614 3503 820 3566 tenemento.
866 3501 912 3564 Et
935 3501 1117 3586 praedictus
1140 3502 1309 3568 Robertus

165 3586 199 3651 in
214 3588 302 3668 mis’,
317 3589 453 3655 etfacit
467 3586 674 3655 escambium
688 3587 859 3673 praedictis
879 3587 1031 3653 Patricio
1046 3592 1083 3653 et
1106 3593 1240 3673 Agnete
1266 3591 1312 3655 ad

165 3675 359 3827 ἷιέθηὴίαω,
389 3681 453 3743 etc.
513 3673 652 3759 Plegius
689 3675 831 3741 Roberti
868 3675 909 3742 de
946 3675 1020 3739 mis’
1058 3675 1229 3741 Patricius
1267 3678 1309 3744 de

215 3783 310 3828 nnes.

229 3892 327 3957 Prior
342 3893 383 3959 de
397 3892 607 3978 Hakyland'⁴
628 3892 689 3957 dat
709 3891 805 3956 xxsss'
828 3913 890 3976 pro
915 3890 1056 3957 licentia
1082 3894 1311 3959 concordandi

167 4001 242 4045 cum
258 3978 430 4046 Willelmo
446 3980 489 4048 de
503 3979 687 4066 Oopeland’
702 3982 738 4044 et
752 3977 886 4063 Agnete
902 3999 1007 4044 uxore
1022 3979 1108 4065 ejus,
1126 3981 1167 4045 de
1182 3980 1310 4065 placito

167 4069 275 4147 terra,
290 4070 357 4132 etc.
401 4067 447 4133 Et
461 4067 611 4134 habeant
626 4068 884 4153 cyrographum.

199 4195 207 4227 ¹
225 4195 338 4249 Msldon.
761 4195 888 4247 Bolesdon
905 4196 1020 4247 between
1038 4193 1155 4246 William
1172 4194 1204 4247 ds
1225 4197 1310 4264 Coup-

197 4261 208 4293 ²
225 4263 383 4329 Newbiggin
394 4262 421 4314 in
432 4263 583 4315 Woodhorn
599 4261 700 4314 Parish.
762 4262 822 4313 land
833 4263 883 4313 aud
900 4263 1019 4325 Thomas,
1031 4261 1107 4313 Prior
1117 4263 1145 4312 of
1164 4262 1310 4318 Halieland.

197 4328 374 4395 ⁸Heathpool
385 4329 413 4381 in
425 4330 597 4383 Kirknowton
611 4329 712 4381 Parisb.
763 4329 810 4381 Sco
851 4329 997 4394 Appendix,
1050 4329 1111 4379 Fert
1155 4329 1187 4391 of
1226 4330 1311 4396 itm,

198 4395 209 4428 ⁴
226 4397 252 4448 A
262 4395 372 4449 mistako
382 4398 424 4449 for
443 4396 573 4462 Halylsud
592 4395 713 4462 orHoly
763 4395 921 4459 Northmb„
933 4397 1000 4448 Hes.
1011 4396 1076 4460 111„
1089 4395 1139 4447 No.
1153 4395 1210 4449 127.

165 4462 260 4518 nunu
295 4461 713 4517 'l'beflnsisastolandsin
