2956 4988
338 465 455 511 usum
477 464 577 527 aona,
599 463 936 526 rosmnnnnmnn,
961 441 980 507 7
1002 461 1090 509 now.
1112 463 1138 508 1.
1255 445 1316 509 241

165 623 232 686 etc.
288 621 336 686 Et
356 621 381 686 J
381 621 535 686 ohannes
557 619 682 684 Madnr
703 619 796 684 venit
817 621 854 683 et
874 615 982 683 nichil
996 615 1081 682 dicit
1096 637 1198 701 quare
1212 619 1320 686 assisa

162 711 347 788 remaneat,
364 707 431 772 nisi
446 712 583 772 tantum
599 707 688 791 quod
703 706 786 772 dicit
801 706 890 791 quod
905 727 974 770 non
994 703 1160 770 diseisivit
1180 706 1319 790 pradic-

162 798 238 858 tum
253 796 276 861 J
277 796 448 861 ohannem
462 795 495 860 le
511 795 655 860 Mouner
670 794 711 859 de
726 794 886 878 praedicta
902 812 1091 858 commune.
1136 793 1182 857 Et
1196 792 1238 857 de
1253 794 1318 861 hoc

162 883 262 966 ponit
292 904 328 947 se
358 903 459 967 super
489 881 642 947 assisam.
707 880 831 946 Postea
866 879 1046 965 praedictus
1082 879 1255 946 Johannes
1285 883 1318 948 le

163 969 310 1034 Monner
324 991 392 1033 non
409 973 461 1036 est
475 972 681 1054 prosecutus.
727 968 810 1033 Ideo
824 969 897 1052 ipse
912 974 947 1032 et
962 966 1066 1051 plegii
1081 968 1135 1031 sui
1150 968 1191 1032 de
1205 989 1318 1052 prose·

163 1056 297 1140 quendo
322 1057 360 1120 in
386 1057 475 1135 mis',
502 1055 643 1135 scilieet,
667 1055 836 1121 Robertus
858 1055 988 1120 Jordan
1010 1053 1051 1119 de
1074 1053 1260 1141 Ellingtone
1282 1063 1319 1124 et

163 1142 338 1209 Walterus
353 1143 445 1208 filius
460 1143 609 1221 Ranulfi,
625 1146 690 1207 eto.

228 1306 420 1371 Willelmus
436 1306 477 1372 de
492 1305 708 1385 Middelton’,
725 1306 783 1391 qui
798 1306 881 1371 tulit
896 1305 994 1371 breve
1016 1324 1110 1370 novae
1132 1305 1319 1375 disseisinae

162 1413 278 1458 versus
300 1393 505 1474 walterum,
528 1392 829 1479 Archiepiscopum
851 1393 1108 1472 Eboracensem,
1129 1394 1330 1461 Robertum'

162 1481 195 1545 le
210 1479 307 1547 Olera
323 1481 364 1545 de
387 1479 616 1559 Exildesham,
640 1484 676 1544 et
697 1481 870 1566 Rogermn
889 1480 922 1545 le
938 1480 1094 1545 Forester
1110 1480 1151 1545 de
1166 1480 1320 1549 Exildes-

163 1568 242 1632 ham
267 1568 308 1633 de
333 1589 512 1633 oommuna
531 1570 679 1652 pastura
703 1567 740 1631 in
763 1568 939 1647 Porthete,
955 1587 1024 1630 non
1039 1570 1092 1633 est
1106 1572 1318 1652 prosecutus.

161 1654 245 1720 Ideo
274 1656 347 1740 ipse
377 1659 413 1719 et
437 1654 542 1740 plegii
573 1653 625 1719 sui
652 1655 693 1722 de
722 1655 954 1740 prosequendo
984 1655 1021 1718 in
1050 1655 1136 1734 mis’,
1177 1655 1318 1741 scilicet,

162 1741 356 1808 Willelmus
368 1742 485 1807 Bonde
497 1742 539 1806 de
551 1741 719 1809 Belshoue
733 1747 769 1808 et
782 1742 952 1808 Henricus
964 1741 1115 1808 Clericus
1131 1743 1172 1810 de
1187 1743 1317 1829 eadem,

164 1832 228 1894 eto.

226 1966 393 2032 Ricardus
419 1965 509 2031 filius
532 1966 673 2032 Ricardi
698 1967 848 2051 Fabyam
874 1969 932 2052 qui
962 1966 1044 2032 tulit
1070 1966 1169 2033 breve
1196 1972 1317 2038 mortis

161 2054 383 2121 antecessoris
399 2075 514 2119 versus
529 2055 699 2139 Rogemm
713 2054 756 2120 de
771 2055 920 2140 Fenwyk
934 2060 969 2122 et
983 2055 1163 2140 agnetem,
1179 2077 1318 2126 uxorem

162 2141 248 2227 ejus,
260 2142 302 2207 de
312 2162 380 2206 uno
388 2142 564 2227 mesuagio
573 2163 650 2207 cum
659 2142 875 2226 pertinentiis
885 2143 921 2206 in
932 2143 1061 2227 Magna
1070 2142 1214 2224 Felton',
1224 2148 1320 2212 venit

162 2232 197 2292 et
212 2228 356 2293 retraxit
372 2250 418 2294 se.
463 2229 545 2294 Ideo
560 2229 632 2313 ipse
647 2234 683 2292 et
697 2228 802 2315 plegii
818 2229 870 2294 sui
881 2231 923 2295 de
934 2232 1167 2315 prosequendo
1179 2231 1216 2295 in
1228 2233 1317 2316 mis',

162 2316 302 2397 scilicet,
318 2315 488 2382 Henricus
503 2317 594 2382 filius
609 2316 748 2382 Ricardi
764 2321 799 2382 et
818 2317 965 2383 Thomas
981 2317 1071 2381 filius
1086 2317 1234 2398 Thomas,
1250 2324 1317 2389 etc.

226 2489 248 2553 J
250 2489 401 2553 ohannes
418 2489 459 2554 de
471 2488 689 2554 Normanvile
705 2490 766 2554 dat
781 2490 896 2555 decem
910 2492 936 2555 ε’
951 2512 1013 2576 pro
1027 2491 1166 2557 licentia
1181 2514 1317 2561 concor-

161 2575 266 2639 dandi
291 2597 367 2641 cum
391 2577 548 2642 Johanne
571 2577 613 2642 de
635 2575 891 2643 Caldestrother
909 2579 949 2644 de
973 2578 1099 2663 placito
1124 2583 1232 2661 terrae,
1259 2604 1320 2668 per

163 2663 264 2729 breve
280 2664 322 2728 de
338 2663 505 2774 ingressu.
550 2665 596 2730 ut
612 2663 762 2730 habeant
777 2666 1016 2751 cyrograffum,
1033 2671 1098 2733 etc.

226 2817 373 2883 Thomas
398 2818 439 2882 de
465 2818 553 2883 Suth
579 2818 785 2884 Mildeburn’
810 2820 871 2884 dat
895 2842 998 2885 unam
1024 2820 1067 2883 m'
1091 2843 1153 2906 pro
1179 2821 1321 2893 licentia

161 2905 388 2970 concordandi
403 2927 479 2971 cum
499 2907 650 2971 Roberto
667 2907 707 2972 de
723 2906 913 2991 Meynevile
929 2907 970 2972 de
989 2906 1116 2992 placito
1131 2912 1239 2991 terrac,
1255 2933 1317 2998 per

161 2992 260 3058 breve
276 2992 318 3056 de
334 3014 406 3072 avo,
423 3014 483 3077 per
497 2992 648 3079 plegium
659 2993 824 3059 Willelmi
840 2995 881 3061 de
897 2995 1060 3061 Fandon’.
1105 2996 1152 3060 Et
1167 2998 1317 3066 habeant

163 3079 417 3165 cyrograffum.¹

225 3234 396 3298 Robertus
411 3233 501 3297 filius
516 3233 659 3298 Roberti
674 3235 716 3300 de
732 3236 949 3320 hynemuth'‚
967 3235 1024 3320 qui
1046 3236 1128 3301 tulit
1152 3238 1250 3307 breve
1275 3242 1317 3309 de

160 3321 318 3406 ingressu
331 3342 447 3386 versus
463 3320 645 3405 Rogerum,
661 3322 829 3389 Abbatem
852 3324 893 3389 de
915 3324 1012 3388 Novo
1036 3325 1256 3409 Monasterio‚
1274 3329 1316 3396 de

160 3429 228 3472 uno
251 3408 424 3493 mesuagio
450 3411 485 3472 et
508 3408 683 3474 duodecim
708 3411 795 3474 acris
817 3418 915 3475 terrae
938 3432 1014 3476 cum
1037 3411 1255 3497 pertinentiis
1277 3416 1315 3481 in

160 3495 355 3576 Erdesden'‚
381 3516 450 3558 non
474 3504 526 3560 est
548 3499 771 3579 prosecutus.l
813 3497 896 3562 Ideo
918 3496 990 3582 ipse
1013 3503 1049 3564 et
1071 3499 1174 3585 plegii
1197 3504 1250 3567 sui
1274 3504 1315 3571 de

159 3582 393 3667 prosequendo
408 3583 443 3644 in
460 3583 547 3663 mis',
564 3583 703 3664 scilicet,
719 3584 888 3650 Robertus
904 3586 945 3650 de
960 3585 1166 3670 Lynemuth’
1190 3592 1224 3656 et
1247 3591 1314 3658 Ro·

159 3670 273 3736 bertus
288 3668 376 3733 filius
394 3669 555 3734 Willelmi
571 3670 612 3735 de
627 3671 823 3752 Erdesdon',
840 3677 904 3738 etc.

224 3825 395 3890 Henrious
405 3825 446 3891 de
463 3825 589 3892 Sancto
604 3826 723 3908 Paulo,
740 3827 798 3911 qui
813 3827 895 3892 tulit
911 3828 1008 3894 breve
1024 3830 1114 3914 quod
1135 3833 1314 3915 permittat

159 3916 370 3997 prosternere
386 3933 501 3978 versus
523 3913 739 4001 Margeriam‚
765 3937 838 3998 quae
861 3915 931 3980 fuit
956 3937 1041 3980 uxor
1063 3917 1247 4004 Leodegar’
1273 3923 1314 3990 de

159 4000 380 4084 Eggreschef‚
400 4004 435 4066 et
457 4000 673 4083 Oristianam‚
696 4023 843 4068 sororem
869 4003 955 4089 ejus,
981 4004 1022 4068 de
1047 4005 1193 4089 quodam
1216 4030 1313 4074 muro

158 4087 269 4153 levato
286 4087 321 4150 in
344 4087 547 4168 Bedenhale‚
564 4090 657 4154 venit
669 4094 705 4155 et
720 4091 865 4156 retraxit
881 4111 927 4157 se.
972 4091 1055 4157 Ideo
1070 4091 1142 4176 ipse
1158 4097 1193 4158 et
1208 4095 1313 4182 plegii

193 4277 201 4309 ¹
228 4278 274 4330 Sec
301 4277 448 4343 Appendix‚
478 4279 538 4330 Fert
571 4282 604 4345 os
626 4281 711 4345 mnes,
761 4279 806 4333 the
834 4280 921 4333 Abbot
948 4283 977 4332 of
1002 4281 1176 4335 Nswminstcr
1204 4285 1245 4337 lor
1273 4287 1312 4340 St.

159 4345 316 4407 Nerthumb„
329 4347 400 4395 how.
414 4345 558 4406 I.‚N0.22.
761 4348 881 4399 Bobert's
908 4348 976 4413 light
1006 4351 1182 4411 (Neromr'nrter
1217 4355 1312 4417 Clari„

191 4409 202 4441 ²
223 4412 321 4463 Robert
340 4412 372 4463 de
392 4411 542 4477 Lyncmuth
566 4412 673 4478 granted
696 4428 712 4463 a
761 4429 786 4479 p.
800 4418 870 4476 231).

158 4482 220 4531 rent
236 4478 330 4545 charge
346 4494 380 4532 on
398 4479 470 4533 londs
485 4478 514 4532 in
530 4479 666 4533 Hertiston
685 4483 711 4531 to

1158 4570 1182 4615 B
